3525 5525
1954 465 2034 539 16

879 664 1026 736 Alia
1101 684 1256 735 vere
1333 665 1670 731 exstiterat
1745 663 1921 731 labes
1989 687 2067 732 ac
2140 665 2499 731 certissima
2569 659 2890 750 religionis
2936 658 3310 751 corruptela,

661 802 824 869 qnae
895 780 952 844 si
995 775 1390 853 invaluisset,
1459 794 1586 837 non
1643 772 1753 838 illa
1827 770 2085 858 quidem
2144 770 2399 837 mortali
2464 770 2617 836 huic
2688 776 2752 835 et
2814 767 3095 836 caducae
3139 770 3311 836 vitae

664 887 1012 978 periculum
1059 889 1355 961 creasset,
1399 878 1516 947 sed
1561 879 1806 945 animos
1852 879 2127 945 aeternis
2174 899 2251 944 ac
2296 876 2458 944 diris
2491 873 2883 944 cruciatibus
2929 875 3309 944 damnasset.

660 989 1142 1060 Dissidentibus
1189 988 1357 1054 enim
1422 984 1507 1052 de
1562 986 1829 1072 imperio
1895 984 2288 1073 principibus
2334 991 2527 1071 atque
2569 983 2681 1062 ita,
2746 990 2821 1048 ut
2863 983 2953 1063 fit,
2996 984 3064 1049 in
3111 984 3312 1050 maxi·

661 1105 782 1169 mis
827 1098 1011 1167 bellis
1056 1092 1230 1162 aliud
1275 1091 1661 1172 curantibus,
1733 1114 1896 1179 quae
1942 1093 2105 1159 clam
2160 1099 2307 1158 ante
2373 1090 2762 1179 obrepserat,
2827 1090 2954 1177 jam
3022 1112 3094 1156 se
3159 1088 3312 1156 effe-

662 1207 846 1277 rebat
889 1212 1082 1292 atque
1127 1197 1493 1269 ostentabat
1539 1198 1848 1265 scelerata
1905 1198 2014 1265 illa
2059 1197 2443 1265 nefariorum
2486 1196 2814 1262 hominum
2858 1194 3076 1278 factio,
3147 1217 3311 1282 quae

661 1324 879 1383 vetere
924 1334 1001 1378 ac
1044 1308 1266 1377 divina
1311 1306 1451 1393 lege
1496 1312 1608 1371 aut
1637 1303 1943 1392 abrogata
1988 1312 2099 1371 aut
2125 1302 2495 1391 depravata,
2524 1300 2903 1389 inexpiabili
2944 1300 3312 1368 introducta

666 1424 1062 1509 voluptatum
1109 1437 1187 1482 ac
1231 1412 1565 1480 libidinum
1613 1411 1891 1492 licentia,
1944 1412 2303 1499 imperitam
2350 1408 2813 1476 multitudinem
2881 1432 2922 1475 a
2982 1430 3136 1475 vera
3179 1409 3310 1496 pie·

660 1539 796 1597 tate
863 1548 941 1593 ac
987 1524 1145 1611 legis
1208 1518 1623 1607 comprobata
1691 1526 1758 1584 et
1828 1518 2072 1583 sancita
2137 1515 2586 1583 observatione
2651 1513 2996 1581 avertebat.
3090 1514 3307 1601 Atque

658 1638 780 1704 hae
823 1630 1082 1721 quidem
1113 1625 1273 1696 'cum
1319 1623 1488 1692 bello
1531 1625 1601 1690 in
1644 1646 1717 1690 re
1783 1621 2042 1711 publica
2086 1630 2304 1711 pestes
2372 1627 2564 1708 atque
2608 1618 3004 1687 intoleranda
3069 1619 3311 1686 conflu-

657 1747 884 1810 xerant
927 1735 1112 1818 mala,
1156 1754 1321 1822 quae
1365 1732 1544 1821 pacis
1588 1729 2018 1818 tranquillitas
2065 1736 2176 1795 aut
2217 1729 2345 1816 jam
2389 1728 2770 1816 compressit
2802 1733 2914 1793 aut
2953 1724 3092 1793 sola
3134 1733 3312 1794 certe

656 1853 723 1918 in
770 1852 1098 1937 posterum
1144 1839 1383 1930 poterit
1426 1856 1833 1925 compescere
1896 1855 1973 1901 ac
2048 1833 2437 1922 propulsare.
2528 1831 2758 1920 Itaque
2824 1854 2971 1899 cum
3031 1831 3310 1920 primum

657 1957 741 2025 de
786 1975 944 2044 pace
999 1949 1226 2038 agitari
1270 1953 1567 2033 coeptum
1611 1951 1738 2030 est,
1802 1944 2010 2031 ipsam
2055 1942 2193 2008 fere
2251 1942 2430 2030 pacis
2476 1961 2657 2028 spem
2722 1947 2790 2006 et
2832 1960 3125 2028 agrorum
3170 1940 3311 2005 ino-

658 2067 876 2153 pinata
918 2058 1214 2128 fertilitas
1261 2063 1327 2124 et
1371 2071 1618 2120 summa
1685 2049 1852 2117 coeli
1904 2048 2243 2116 salubritas
2308 2053 2651 2115 consecuta
2717 2053 2832 2112 est.
2918 2044 3306 2112 Insolentem

660 2193 812 2240 vero
854 2169 926 2235 in
968 2165 1204 2232 nestris
1240 2158 1580 2231 discordiis
1649 2179 1725 2224 ac
1791 2155 2142 2223 terribilem
2208 2155 2461 2221 hostem
2474 2202 2494 2236 ,
2558 2154 2626 2219 in
2689 2174 2851 2241 pace
2917 2159 3109 2238 atque
3177 2152 3310 2218 otio

655 2298 914 2366 segnem
959 2267 1037 2341 ac
1080 2270 1395 2351 timidum,
1439 2288 1602 2334 unus
1636 2265 1744 2332 hic
1788 2263 1873 2331 de
1945 2284 2105 2351 pace
2179 2284 2395 2328 rumor
2438 2283 2478 2327 a
2522 2260 2817 2328 Viennae
2874 2265 3022 2324 ante
3066 2259 3309 2324 moeni·

653 2386 773 2454 bus
836 2381 1159 2470 repulsum
1226 2374 1461 2464 adegit,
1527 2379 1601 2440 ut
1662 2393 1699 2438 e
1762 2371 2110 2448 Pannonia,
2177 2391 2304 2456 quo
2381 2374 2530 2435 ante
2606 2367 2839 2433 milites
2907 2366 2975 2430 in
3042 2363 3312 2433 hiberna

654 2490 1028 2571 deduxerat,
1088 2487 1154 2551 in
1199 2482 1538 2552 Thraciam
1598 2501 1675 2547 ac
1737 2477 2098 2545 Bisantium
2143 2499 2328 2543 suum
2392 2474 2570 2541 illum
2637 2471 3077 2539 infelicissime
3142 2490 3311 2537 nunc

648 2602 861 2668 omnia
944 2600 1241 2664 conatum
1325 2589 1676 2658 exercitum
1746 2591 2119 2673 reportaret.
2243 2582 2391 2649 Jam
2470 2602 2626 2648 vero
2705 2577 2981 2668 improbi
3024 2599 3104 2644 ac
3167 2598 3306 2644 sce·

645 2707 833 2775 letati
888 2703 1224 2792 impiarum
1287 2696 1792 2786 conjurationum
1854 2690 2051 2759 duces
2117 2697 2184 2757 et
2249 2696 2520 2772 autores,
2580 2708 2709 2775 quo
2753 2684 3013 2753 tandem
3078 2684 3311 2759 animo,

652 2836 843 2904 quam
914 2811 1121 2878 fracto
1189 2814 1259 2875 et
1312 2803 1650 2873 debilitato
1716 2800 2037 2888 accipient
2103 2819 2238 2865 rem
2303 2794 2623 2884 publicam
2697 2793 3094 2872 convenisse,
3169 2790 3309 2856 fore

648 2925 778 3010 jam
821 2917 1070 3007 legibus
1147 2934 1224 2981 ac
1267 2909 1521 3001 judiciis
1595 2909 1806 2974 locum
1873 2916 1954 2972 'ac
2017 2902 2144 2971 sibi
2209 2908 2322 2969 aut
2384 2901 2601 2968 statim
2671 2921 2711 2967 a
2777 2898 3045 2987 pristino
3088 2896 3308 2964 furore

651 3037 842 3115 atque
886 3023 1164 3093 amentia
1208 3026 1484 3087 mentem
1529 3011 1971 3090 revocandam,
2036 3017 2149 3078 aut
2191 3010 2597 3098 gravissimas
2644 3003 2980 3075 vecordiae
3042 3025 3121 3071 ac
3166 3025 3309 3092 per·-

649 3135 924 3204 tinaciae
988 3150 1147 3197 suae
1209 3148 1448 3216 poenas
1510 3119 1903 3191 subeundas!
1996 3117 2060 3185 Ο
2128 3117 2407 3184 faustam
2454 3123 2520 3181 et
2572 3112 2683 3182 diu
2731 3118 3015 3200 optatam
3063 3131 3310 3198 pacem,

656 3266 773 3333 per
815 3261 1006 3328 quam
1051 3258 1180 3304 non
1223 3256 1416 3302 sensu
1462 3239 1714 3299 tantum
1759 3250 1837 3295 ac
1883 3227 2211 3295 voluntate
2258 3223 2714 3311 conjungimur,
2761 3218 2880 3286 sed
2922 3218 3307 3306 respiramus

656 3351 850 3417 etiam
895 3367 973 3413 ac
1017 3339 1486 3411 reviviscimus!
1577 3336 1669 3404 Et
1710 3332 1931 3423 quales
1974 3334 2102 3420 jam
2148 3330 2532 3398 constitutae
2575 3335 2640 3393 et
2683 3326 3088 3393 confirmatae
3134 3322 3308 3389 fruc-

651 3588 774 3652 qne
821 3584 956 3628 non
1011 3558 1282 3625 salutem
1326 3561 1574 3620 tantum
1634 3555 2009 3638 perpetuam
2076 3564 2153 3611 ac
2219 3566 2257 3610 a
2323 3542 2631 3608 molestiis
2705 3537 3124 3613 vacationem,
3193 3531 3307 3599 sed

653 3671 1027 3737 felicitatem
1074 3665 1265 3730 etiam
1313 3683 1390 3729 ac
1434 3657 1856 3726 certissimam
1901 3651 2210 3720 hodierna
2256 3671 2382 3738 pax
2413 3646 2597 3714 nobis
2629 3646 2893 3734 gloriam
2920 3641 3304 3730 pollicetur?

655 3778 857 3844 Mitto
901 3772 1242 3862 perspicua
1285 3767 1397 3834 illa
1440 3774 1508 3832 et
1551 3785 1714 3851 quae
1784 3781 2005 3849 pacem
2071 3777 2325 3846 semper
2390 3777 2517 3821 non
2562 3753 2766 3833 aliter,
2833 3771 3020 3837 quam
3083 3746 3305 3814 umbra

651 3904 900 3971 corpus,
971 3878 1143 3948 bona
1187 3878 1653 3950 consectantur,
1720 3865 2122 3954 tranquillam
2182 3863 2518 3930 civitatum
2537 3878 2542 3883 ·
2562 3857 2944 3937 libertatem,
3010 3874 3303 3940 agrorum

650 3990 1029 4067 ubertatem,
1075 3981 1314 4050 sobolis
1360 3977 1905 4068 propagationem,
1950 3970 2148 4039 libera
2195 3988 2272 4038 ac
2317 3977 2458 4036 tuta
2483 3965 2862 4055 populorum
2907 3960 3301 4034 commercia,

650 4099 979 4182 mittoque,
1049 4109 1214 4177 quae
1258 4086 1509 4154 bellicis
1572 4079 1895 4148 furoribus
1951 4077 2243 4166 perculsa
2316 4096 2394 4142 ac
2467 4079 2785 4161 prostrata
2845 4064 3166 4157 jacebant,
3237 4083 3302 4129 se

652 4202 920 4270 efferent
963 4206 1031 4265 et
1075 4196 1322 4283 erigent
1363 4192 1720 4256 litterarum
1766 4194 1961 4273 atque
2003 4186 2418 4271 ingenuarum
2466 4180 2700 4246 artium
2744 4172 2974 4250 studia,
3038 4191 3301 4258 quorum

646 4318 746 4377 est
813 4305 1020 4374 cultus
1096 4311 1164 4370 et
1204 4300 1371 4369 bene
1414 4295 1782 4364 constitutis
1852 4289 2222 4360 civitatibus
2292 4295 2358 4354 et
2421 4286 2666 4373 optimo
2732 4283 2962 4368 cuique
3024 4275 3301 4365 principi

644 4415 918 4482 maxime
962 4411 1272 4476 honestus
1346 4412 1413 4472 et
1470 4401 1891 4482 necessarius,
1953 4419 2030 4463 ac
2074 4393 2321 4483 vigebit
2386 4392 2568 4480 pacis
2636 4409 2875 4468 comesi,
2947 4385 3068 4451 otii
3131 4383 3298 4450 socia

651 4519 1029 4608 eloquentia.
1120 4513 1255 4582 Sed
1300 4513 1462 4579 haec
1508 4518 1578 4577 et
1621 4509 1747 4575 alia
1793 4505 1995 4572 multa
2040 4509 2392 4590 praetereo,
2438 4519 2567 4563 non
2611 4497 2761 4583 quia
2788 4493 3063 4559 maxime
3108 4508 3297 4578 expe·

648 4629 844 4698 tenda
890 4649 1015 4693 non
1062 4626 1211 4705 sint,
1273 4619 1390 4687 sed
1434 4620 1582 4706 quia
1627 4618 1695 4682 in
1738 4612 2042 4701 promptu
2087 4615 2239 4676 sunt
2282 4629 2360 4673 ac
2405 4606 2610 4694 prima
2655 4625 2724 4669 se
2769 4601 2947 4689 pacis
2997 4596 3296 4664 utilitates

644 4734 1040 4805 intuentibus
1087 4729 1381 4798 offerunt.
1469 4725 1657 4804 Quae
1702 4728 1915 4810 potest
1958 4726 2175 4784 autem
2221 4714 2421 4801 major
2466 4717 2687 4777 nostro
2724 4705 2981 4774 saeculo
3026 4702 3294 4769 felicitas

638 4847 1023 4931 contingere,
1089 4860 1282 4926 quam
1345 4835 1403 4899 si
1471 4853 1603 4910 eae,
1667 4849 1826 4914 quas
1893 4824 2088 4913 paulo
2160 4829 2307 4888 ante
2372 4817 2719 4896 nominavi,
2781 4811 3037 4900 imperii
3097 4804 3295 4876 nostri

635 4959 850 5044 partes
896 4970 933 5013 e
978 4944 1103 5013 diri
1148 4942 1446 5028 saevique
1507 4935 1709 5003 hostis
1755 4929 2048 4997 manibus
2113 4925 2652 5013 extorqueantur?
2723 4927 2918 5006 atque
2961 4917 3010 4983 ii
3055 4910 3286 5004 populi,
