3525 5525
1540 471 1621 548 15

204 684 399 755 cem,
450 667 669 762 itaque
715 695 845 739 non
888 693 1318 741 commemoro
1361 696 1655 762 agrorum
1710 672 2175 762 populationes,
2236 693 2363 738 non
2406 668 2696 740 vicorum
2740 690 2897 739 exu-

205 782 508 858 stiones,
581 803 708 847 non
780 777 1372 847 florentissimarum
1447 780 1699 847 urbium
1765 779 2178 868 direptiones,
2249 800 2376 845 non
2439 800 2761 847 sacrorum
2828 786 2897 847 et

204 887 653 974 profanorum
721 888 1004 975 capitum
1050 885 1428 952 violationes
1485 883 1807 973 praedico,
1870 885 2134 951 ommito
2200 883 2583 973 proeliorum
2631 893 2896 973 strages,

208 1001 427 1061 taceo
475 1002 608 1060 tam
654 994 890 1059 multos
934 1015 1014 1059 ac
1056 1000 1190 1059 tam
1235 1000 1492 1081 paratos
1567 990 1654 1059 ad
1697 1013 1976 1080 pugnam
2050 991 2534 1059 christianorum
2580 993 2895 1060 exercstus

207 1122 345 1187 per
423 1099 546 1166 hos
614 1101 875 1188 triginta
941 1121 1142 1166 annos
1206 1100 1661 1167 funestissimis
1742 1097 2261 1168 dimicationibus
2324 1098 2592 1181 deletos,
2657 1107 2733 1166 ut
2790 1098 2897 1168 vel

207 1207 480 1294 singuli
554 1206 640 1275 ad
716 1207 948 1295 impias
1006 1214 1228 1294 gentes
1303 1204 1745 1295 profligandas,
1826 1204 2284 1295 oppugnandas
2350 1228 2427 1273 ac
2481 1204 2894 1274 debellandas

212 1315 397 1380 satis
447 1314 720 1381 multum
766 1314 1011 1381 fuerint
1075 1315 1305 1380 virium
1350 1312 1647 1381 habituri.
1734 1313 2078 1380 Praetereo
2140 1315 2368 1380 aetatis
2414 1320 2670 1381 nostrae
2711 1316 2897 1381 innu-

209 1420 580 1488 merabiles
626 1421 784 1487 alias
830 1420 1223 1488 calamitates
1288 1428 1355 1487 et
1419 1421 1729 1497 miserias,
1797 1442 2062 1506 quarum
2125 1440 2255 1486 non
2323 1419 2514 1488 modo
2585 1422 2892 1510 impetum

217 1529 639 1614 expavimus,
710 1527 829 1594 sed
887 1548 1056 1593 nunc
1119 1528 1310 1593 etiam
1357 1526 1862 1594 recordationem
1906 1527 2112 1614 ipsam
2172 1525 2662 1595 reformidamus
2706 1536 2899 1616 atque

214 1633 468 1701 horum
547 1634 829 1721 quidem,
924 1655 1087 1721 quae
1161 1633 1464 1721 relinquo,
1554 1635 1836 1699 omnium
1925 1632 2085 1698 nihil
2153 1636 2281 1720 jam
2352 1633 2480 1700 fuit
2548 1632 2898 1721 deprecan-

213 1740 407 1819 dum,
456 1740 652 1829 quod,
713 1742 841 1808 nisi
891 1765 930 1808 a
974 1742 1206 1808 summi
1248 1741 1377 1807 Dei
1420 1740 1709 1809 bonitate
1776 1740 1938 1807 haec
1982 1749 2156 1807 esset
2226 1763 2352 1827 pax
2396 1742 2759 1865 principum
2801 1744 2899 1808 rei

218 1848 542 1937 publicae
585 1850 813 1915 animis
858 1849 1102 1936 illapsa,
1169 1856 1283 1914 aut
1326 1847 1568 1935 aliquid
1611 1849 1804 1914 etiam
1850 1869 1928 1914 eo
1970 1849 2228 1935 gravius
2291 1869 2371 1914 ac
2413 1848 2707 1915 miserius
2751 1871 2894 1937 pas·

219 1958 368 2022 suri
415 1977 543 2022 non
590 1954 954 2024 videremur
994 1962 1187 2042 atque
1248 1952 1322 2020 id
1364 1953 1622 2042 quidem
1669 1975 1858 2021 nemo
1920 1956 2049 2040 jam
2116 1961 2254 2020 erat
2314 1954 2522 2040 plane,
2583 1955 2694 2041 qui
2768 1978 2896 2022 non

219 2071 564 2131 metueret.
652 2061 836 2143 Quid
858 2085 1013 2130 vero
1048 2086 1125 2130 ea
1168 2063 1468 2150 pericula,
1511 2061 1744 2149 quibus
1775 2082 2077 2150 praesens
2103 2083 2181 2128 ac
2208 2069 2385 2128 certa
2428 2063 2632 2148 pestis
2676 2085 2717 2128 a
2759 2062 2897 2129 lou·

220 2168 679 2259 ginquioribus
724 2170 909 2257 quasi
953 2168 1257 2237 membris
1302 2167 1389 2236 ad
1428 2170 1574 2257 ipsa
1616 2170 1713 2235 rei
1740 2167 2040 2255 publicae
2069 2167 2292 2235 vitalia
2319 2165 2637 2256 serpebat,
2679 2170 2894 2236 animo

220 2276 574 2345 dumtaxat
616 2286 683 2343 et
725 2276 1115 2364 cogitatione
1177 2274 1689 2364 percipiebamus
1754 2297 1833 2342 ac
1878 2297 2005 2341 non
2047 2276 2211 2363 ipsis
2256 2276 2450 2342 etiam
2493 2275 2697 2342 ferme
2740 2297 2895 2344 ocu·

219 2382 311 2450 lis
360 2382 810 2451 cernebamus!
899 2382 1075 2464 Erat,
1148 2381 1363 2463 credo,
1435 2379 1798 2464 obscurum,
1869 2380 2026 2467 quid
2095 2403 2326 2448 saevus
2390 2381 2501 2448 ille
2543 2381 2893 2450 Tui-carum

223 2498 563 2579 tyrannus,
643 2490 999 2557 communis
1073 2488 1561 2555 christianorum
1631 2496 1701 2554 et
1773 2489 2197 2576 sempiternus
2251 2487 2474 2569 hostis,
2546 2488 2892 2571 moliretur,

225 2596 527 2685 adquas
596 2594 772 2664 orbis
841 2594 969 2663 sibi
1042 2594 1884 2684 partesviamaffectaret.
1984 2595 2080 2660 At
2147 2594 2258 2661 ille
2329 2593 2893 2683 quidemetante

225 2724 489 2794 semper
530 2702 891 2772 obsoevafl·
935 2700 1398 2771 discordiarum
1443 2710 1804 2770 nostrarum
1828 2699 2223 2791 temporibus
2278 2701 2365 2771 ad
2388 2702 2664 2789 aliquam
2689 2703 2893 2792 impe-

225 2812 312 2878 rii
357 2813 565 2879 nostri
609 2819 852 2899 partem
896 2809 1323 2877 invadendam
1364 2833 1445 2877 ex
1489 2809 1742 2877 insidiis
1788 2810 2099 2898 prosiluit.
2185 2809 2412 2897 Neque
2455 2811 2628 2877 enim
2670 2808 2758 2877 ad
2795 2832 2891 2892 ea,

226 2940 395 3005 quae
439 2939 612 2986 nunc
685 2916 994 3006 possidet,
1065 2916 1441 3005 occupanda
1508 2918 1713 3005 magis
1781 2916 2012 2984 bellica
2085 2918 2323 2984 virtute
2384 2925 2498 2984 aut
2561 2917 2890 3006 copiarum

226 3024 802 3114 magnitudineac
863 3022 1455 3106 roborensnsest,
1516 3047 1707 3111 quam
1772 3032 2131 3091 nostrarum
2187 3023 2889 3093 dissensionumocea·

228 3133 432 3200 sione.
523 3130 657 3198 Sed
722 3130 896 3199 idem
966 3132 1093 3214 ille,
1164 3153 1311 3199 cum
1387 3133 1587 3198 Asiae
1659 3132 1930 3219 imperio
1996 3154 2123 3198 non
2196 3139 2533 3199 contentus
2589 3131 2888 3221 Europae

231 3239 470 3306 multas
515 3239 808 3326 regiones
855 3237 1207 3306 miserabili
1250 3240 1563 3305 servitute
1606 3259 1946 3327 oppressas
1991 3246 2226 3320 teneat,
2289 3238 2669 3320 Bisautium,
2728 3239 2890 3306 alte-

229 3368 365 3413 ram
430 3347 688 3434 imperii
760 3344 998 3428 sedem,
1083 3345 1437 3427 Thraciam,
1510 3344 1980 3424 Macedoniam,
2050 3344 2470 3427 Thessaliam,
2536 3343 2888 3429 Euboeam

227 3450 588 3535 Graeciam,
646 3451 1175 3540 Peloponnesum,
1233 3453 1519 3541 Epirum,
1584 3476 1878 3541 maguam
1944 3452 2310 3520 Dalmatiae
2353 3459 2603 3540 partem
2646 3475 2726 3520 ac
2769 3475 2886 3540 po-

231 3560 489 3626 stremis
533 3558 715 3626 hisce
752 3558 1147 3648 temporibus
1192 3561 1260 3625 in
1290 3567 1675 3646 potestatem
1720 3580 1901 3625 suam
1940 3557 2268 3626 redactam
2309 3556 2679 3627 inferiorem
2723 3562 2887 3626 Pan·

229 3666 506 3746 uoniam,
577 3663 1461 3732 nimirumadGermaniam
1535 3687 1703 3732 nunc
1776 3667 2056 3732 animum
2115 3663 2476 3752 adjiciebat.
2568 3666 2692 3745 Ac,
2761 3667 2889 3733 nisi

225 3793 433 3860 nuper
475 3794 516 3837 a
556 3771 835 3851 Vienna,
905 3773 1082 3859 regia
1137 3773 1481 3861 superioris
1524 3771 1897 3839 Pannoniae
1941 3770 2118 3853 urbe,
2189 3770 2276 3840 ad
2318 3794 2511 3859 quam
2585 3770 2884 3840 omuibus

225 3876 458 3965 opibus
502 3884 698 3964 atque
742 3875 1043 3965 operibus
1072 3876 1565 3966 oppugnandam
1598 3878 1812 3945 fuerat
1848 3899 2208 3967 aggressus,
2253 3877 2648 3947 Ferdinaudi
2689 3881 2881 3968 regis,

227 3985 351 4050 viri
429 3983 770 4051 clarissimi
844 3991 911 4050 et
988 3984 1340 4062 fortissimi,
1412 3986 1654 4053 virtute
1726 4007 1807 4053 ac
1876 3985 2208 4073 vigilantia
2277 3985 2574 4074 mpulsus
2633 3985 2888 4064 fuisset,

224 4092 924 4158 minuscertematma
966 4089 1257 4178 (nequid
1297 4093 1555 4179 gravius
1599 4091 1836 4175 dicam)
1879 4091 1966 4159 de
2011 4114 2173 4181 pace
2217 4092 2567 4160 fuissemus
2611 4092 2879 4161 consilia

223 4196 462 4264 inituri.
552 4195 1718 4285 Bhenimsipmesidimillndrei
1771 4197 2884 4288 publicaenosuaesipropugm-

223 4516 1538 4605 tuumnedperpemisetiamoesffis
1600 4518 2229 4603 infestasredderet,
2294 4520 2885 4610 agrosetoppida

223 4622 306 4691 ad
350 4624 721 4693 vastitatem
782 4622 1119 4711 redigeret,
1190 4623 1320 4691 Dei
1379 4647 1459 4693 ac
1502 4614 1801 4693 divorum
1873 4627 2120 4716 templa
2161 4627 2620 4717 hominumque
2691 4627 2881 4695 sedes

219 4729 615 4799 foedissimis
682 4728 991 4798 caedibus
1032 4734 1433 4799 cruentaret?
1520 4731 1611 4797 Et
1651 4731 1779 4800 hoc
1820 4731 2084 4819 quidem
2139 4743 2361 4801 nostro
2403 4756 2484 4801 ac
2525 4737 2875 4824 conjugum

218 4833 693 4922 liberorumque
736 4836 938 4923 capiti
978 4834 1419 4925 impendebat.
