3525 5525
923 1424 1218 1500 ozano
1273 1429 1582 1515 canon,
1628 1431 2151 1506 nonnosum
2198 1433 2747 1508 :nmmum
2793 1431 3110 1518 ELEG'H,

1052 1532 1170 1607 AD
1216 1534 1624 1611 mermes
1669 1535 1782 1610 DE
1827 1537 1976 1613 8Πο
2023 1539 2120 1614 m
2164 1540 2521 1614 numum
2566 1539 2970 1615 mscnssm

893 1714 1129 1798 Video,
1196 1717 1321 1784 viri
1364 1717 1664 1807 Hispani,
1725 1741 1917 1807 quam
1985 1721 2242 1790 solliciti
2303 1723 2444 1789 sitis
2511 1743 2823 1812 quamque
2868 1742 3061 1807 aegre
3121 1717 3372 1784 feratis

676 1843 885 1889 meam
928 1822 998 1888 in
1043 1821 1302 1889 Italiam
1362 1824 1846 1912 profectionem,
1895 1833 1970 1892 ut
2013 1848 2141 1894 non
2186 1829 2389 1895 solum
2436 1827 2520 1895 de
2566 1836 2801 1909 vestra,
2848 1827 2971 1894 sed
3018 1827 3227 1892 etiam
3283 1822 3372 1889 de

676 1927 1087 2016 meaflsalute
1131 1929 1361 1998 timere
1405 1929 1755 1998 videamini
1800 1930 2234 2021 dubitafisque
2300 1939 2395 2018 (ut
2439 1934 2673 2019 audio),
2736 1932 2806 2000 id
2852 1931 3030 2020 quod
3072 1931 3373 1997 maxime

677 2034 937 2102 evenire
983 2035 1165 2118 solet,
1210 2044 1302 2118 ut,
1367 2058 1565 2125 quam
1609 2040 1886 2126 primum
1960 2061 1997 2105 a
2065 2038 2252 2108 vobis
2298 2042 2484 2129 longe
2552 2040 2925 2118 discessero,
2994 2040 3170 2105 inter
3243 2056 3369 2103 vos

677 2138 850 2207 bella
910 2147 978 2208 et
1048 2139 1487 2211 dissensiones
1557 2146 1860 2227 oriantur,
1928 2146 2033 2213 vel
2077 2146 2304 2234 aliquis
2373 2148 2592 2214 forsan
2655 2147 2860 2213 hostis
2906 2166 3188 2231 regnum
3238 2141 3370 2208 hoc

682 2269 838 2337 rege
882 2269 1164 2316 vacuum
1208 2248 1616 2338 aggrediatur
1695 2258 1763 2317 et
1807 2252 1999 2318 armis
2044 2254 2401 2340 opprimere
2445 2259 2673 2320 tentet.
2770 2251 3230 2338 Cogitatisque
3278 2245 3365 2314 de

685 2376 808 2438 me,
857 2352 1034 2443 quod
1077 2376 1218 2444 ego,
1279 2358 1392 2445 qui
1455 2363 1555 2424 tot
1598 2358 1799 2424 maria
1844 2379 2213 2425 emensuras
2276 2382 2418 2426 sum
2486 2381 2563 2426 ac
2629 2361 2697 2425 in
2768 2356 3097 2424 diversam
3175 2352 3367 2420 orbis

678 2468 930 2549 partem
986 2463 1213 2546 iturus,
1286 2462 1546 2552 aliquod
1607 2465 1963 2552 periculum
2025 2463 2303 2543 subeam,
2367 2464 2626 2554 aliquod
2694 2463 3177 2536 detrimentum,
3246 2457 3366 2524 ali—

674 2590 877 2654 quam
914 2568 1342 2636 calamitatem
1416 2570 1642 2657 patiar.
1735 2567 1941 2638 Grata
2002 2571 2293 2659 profecto
2361 2579 2427 2638 et
2488 2568 2769 2658 jucunda
2840 2575 2940 2635 est
2983 2566 3150 2631 mihi
3198 2564 3367 2630 haec

680 2681 898 2741 vestra
940 2672 1027 2741 de
1065 2696 1168 2741 me
1203 2673 1587 2756 sollicitudo,
1631 2683 1886 2764 gratum
1904 2675 2184 2745 studium
2209 2686 2339 2743 tam
2385 2698 2564 2744 meae
2594 2676 2821 2743 salutis
2851 2669 3365 2750 conservandae,

680 2803 872 2869 quam
917 2788 1191 2849 vestrae.
1329 2782 1417 2849 Et
1463 2783 1706 2848 utinam
1752 2804 2007 2870 possem
2063 2785 2201 2850 sine
2246 2786 2457 2872 aliqua
2501 2804 2644 2849 mea
2687 2782 3042 2870 ignominia
3088 2788 3162 2846 et
3210 2783 3367 2843 nota

676 2889 1031 2985 ‚eonfinuus
1061 2887 1238 2976 apud
1281 2910 1399 2956 vos
1447 2910 1604 2965 esse,
1650 2888 1944 2976 profecto
1988 2888 2061 2957 id
2104 2888 2524 2957 libentissime
2556 2889 2857 2966 facerem,
2903 2894 3129 2954 tantus
3180 2904 3363 2950 meus

674 2974 1090 3077 ffissffosfest
1155 3016 1351 3075 amor,
1422 3002 1557 3060 tam
1628 3002 1811 3081 grata
1855 2994 2269 3077 consuetudo,
2342 3004 2473 3062 tam
2519 3017 2823 3082 magnum
2888 2994 3101 3081 ipsius
3183 2989 3369 3077 regni

677 3098 1095 3167 desiderium.
1185 3099 1321 3168 Sed
1366 3098 1789 3181 considerate,
1852 3102 1976 3167 viri
2032 3103 2580 3189 praestantissimi,
2652 3099 2828 3189 quod
2895 3106 2964 3165 et
3034 3097 3365 3184 dignitate

672 3226 856 3272 meae
901 3203 1291 3273 studendum
1336 3213 1457 3285 est,
1517 3212 1592 3270 ut
1636 3224 1797 3285 eam,
1869 3228 2058 3293 quam
2126 3209 2402 3295 suscepi,
2464 3206 2869 3293 imperatoris
2938 3203 3366 3290 Maiestatem

675 3333 827 3380 cum
871 3310 1210 3399 dignitate,
1257 3318 1329 3376 ut
1375 3309 1689 3376 hactenus
1734 3308 1883 3390 feci,
1927 3317 2110 3376 tuear
2144 3318 2333 3397 atque
2364 3310 2728 3378 defendam.
2823 3309 3118 3388 Faciam,
3169 3309 3365 3374 etiam

678 3420 738 3486 si
783 3437 1007 3484 omnes
1053 3416 1459 3494 acerbitates,
1530 3436 1752 3480 omnes
1801 3414 2145 3495 molestiae,
2216 3419 2429 3482 omnia
2490 3416 2770 3502 denique
2837 3414 3140 3503 pericula
3212 3411 3368 3479 mihi

674 3522 989 3591 solvenda
1031 3523 1265 3593 forent.
1359 3521 1690 3611 Deponite
1733 3522 1931 3607 igitur
1987 3542 2102 3609 per
2143 3520 2300 3588 deos
2348 3522 2760 3601 immortale8‚
2827 3519 3150 3607 deponite
3206 3519 3367 3586 hanc

668 3631 872 3698 animi
915 3629 1401 3716 aegritudinem,
1464 3649 1612 3693 nam
1679 3647 1760 3692 ex
1806 3627 1963 3692 meis
2009 3624 2331 3693 laboribus
2402 3628 2765 3714 vigiliisque
2812 3624 3003 3694 vobis
3074 3627 3364 3713 quietem

666 3744 743 3802 et
807 3735 1334 3822 tranquillitatem
1413 3741 1485 3800 et
1551 3733 1646 3797 rei
1707 3729 2002 3817 publicae
2066 3730 2449 3799 christianae
2517 3733 2789 3800 salutem
2843 3732 3367 3820 dignitatemque

664 3839 899 3931 procul
941 3838 1141 3908 dubio
1189 3863 1334 3907 sum
1381 3838 1728 3927 pariturus.
1819 3836 2008 3903 Nunc
2071 3843 2283 3903 autem
2352 3839 2409 3903 si
2473 3861 2549 3904 ea
2615 3839 2849 3919 omnia,
2921 3859 3098 3925 quae
3147 3860 3261 3903 me
3304 3837 3364 3902 in

666 3946 933 4014 Italiam
977 3946 1074 4011 ire
1118 3953 1380 4033 cogunt,
1429 3939 1623 4010 vobis
1671 3942 1972 4028 aperiam,
2030 3963 2154 4008 non
2200 3965 2439 4025 vereor,
2511 3946 2664 4031 quin
2710 3944 2838 4011 hoc
2883 3966 3111 4012 meum
3160 3942 3367 4012 consi·-

661 4052 826 4120 lium
900 4048 1229 4137 probaturi
1304 4051 1454 4117 sitis
1524 4049 2048 4134 cognoscatisque
2121 4071 2241 4129 me,
2321 4051 2435 4136 qui
2478 4053 2716 4118 totiens
2787 4051 2950 4116 meis
3019 4052 3232 4118 armis
3277 4054 3368 4116 tot

667 4158 918 4231 hostes,
981 4162 1082 4222 tot
1123 4179 1329 4245 reges,
1398 4160 1507 4222 tot
1565 4151 1979 4238 respublicas,
2045 4161 2146 4220 tot
2189 4156 2478 4222 nationes
2523 4165 2590 4224 et
2633 4165 2861 4244 gentes
2910 4158 3366 4246 conspirantes

662 4266 735 4332 in
785 4282 894 4326 me
950 4282 1148 4328 unum
1190 4262 1355 4343 fudi,
1401 4257 1636 4346 fugavi
1695 4264 1885 4343 atque
1929 4260 2241 4345 superavi,
2304 4262 2419 4346 qui
2462 4270 2759 4348 potentes
2828 4284 3022 4350 reges
3073 4265 3366 4352 captivos

658 4366 887 4447 habui,
935 4365 1125 4434 urbes
1170 4363 1703 4457 opulentissimas
1749 4361 1993 4450 subegi,
2058 4364 2213 4430 alias
2260 4366 2329 4430 vi
2373 4369 2537 4455 cepi,
2604 4376 2777 4436 terra
2821 4370 3131 4457 marique
3180 4368 3364 4458 pluri·

655 4493 808 4542 mas
859 4472 1166 4539 victorias
1227 4470 1507 4551 obtinui,
1573 4468 1912 4534 intestinas
1980 4467 2407 4537 dissensiones
2475 4474 2544 4537 in
2612 4474 2738 4541 hoc
2803 4496 3013 4562 regno
3081 4477 3366 4543 furentes

659 4579 1029 4665 compressi
1091 4600 1338 4665 vosque
1410 4597 1498 4642 ex
1569 4570 1771 4637 caede
1838 4574 2203 4654 miserrima,
2266 4577 2567 4664 conjuges
2654 4600 2733 4645 ac
2779 4578 3029 4648 liberos
3104 4591 3368 4658 vestros,

660 4681 915 4770 templa
959 4704 1037 4750 ac
1079 4681 1351 4751 delubra
1423 4676 1719 4745 omnium
1765 4685 2045 4742 vestrum
2110 4698 2190 4741 ex
2234 4678 2647 4750 acerbissima
2694 4687 3052 4752 vexatione
3101 4683 3369 4755 liberavi

652 4789 1005 4878 eduxique,
1043 4811 1212 4858 nuno
1235 4789 1436 4858 etiam
1484 4782 1576 4849 de
1623 4787 1837 4844 vestra
1860 4782 2065 4848 salute
2090 4784 2371 4872 cogitare
2400 4792 2470 4853 et
2512 4787 2859 4880 diligenter
2879 4792 3249 4880 providere
3291 4797 3370 4876 (ut
