3525 5525
1952 459 2032 533 16

876 646 1024 717 Alia
1097 669 1252 718 vero
1330 652 1666 720 exstiterat
1740 655 1918 724 labes
1986 680 2063 726 ac
2136 662 2494 729 certissima
2565 661 2886 751 religionis
2932 665 3305 757 corruptela,

657 783 821 848 quae
891 761 947 826 si
991 758 1385 840 invaluisset,
1454 783 1582 826 non
1639 762 1747 829 illa
1822 764 2080 850 quidem
2139 768 2394 835 mortali
2459 768 2611 837 huic
2682 778 2747 837 et
2809 771 3090 841 caducae
3133 776 3306 843 vitae

659 867 1007 957 periculum
1053 874 1349 949 creasset,
1393 866 1510 935 sed
1555 869 1800 935 animos
1846 874 2121 939 aeternis
2168 894 2245 940 ac
2289 873 2452 941 diris
2486 876 2877 945 cruciatibus
2922 879 3303 949 damnasset.

653 971 1134 1040 Dissidentibus
1182 973 1351 1038 enim
1416 971 1498 1040 de
1556 975 1823 1062 imperio
1886 979 2281 1067 principibus
2327 989 2519 1070 atque
2563 983 2674 1062 ita,
2739 992 2813 1051 ut
2855 987 2945 1068 fit,
2988 988 3056 1054 in
3103 992 3303 1055 maxi·

653 1084 773 1147 mis
819 1079 1002 1148 bellis
1048 1077 1221 1146 aliud
1267 1079 1653 1161 curantibus,
1725 1104 1887 1169 quae
1934 1085 2097 1151 clam
2151 1095 2299 1155 ante
2365 1088 2754 1178 obrepserat,
2816 1093 2946 1180 jam
3013 1117 3085 1162 se
3151 1094 3304 1163 effe-

651 1187 836 1255 rebat
880 1194 1073 1273 atque
1118 1184 1484 1253 ostentabat
1529 1187 1838 1256 scelerata
1896 1191 2004 1259 illa
2049 1193 2433 1261 nefariorum
2477 1194 2804 1263 hominum
2849 1198 3066 1282 factio,
3137 1223 3300 1288 quae

652 1304 868 1362 vetere
913 1316 990 1360 ac
1034 1292 1254 1361 divina
1299 1292 1440 1379 lege
1485 1301 1596 1359 aut
1625 1292 1933 1383 abrogata
1976 1305 2088 1365 aut
2114 1298 2484 1387 depravata,
2515 1302 2892 1390 inexpiabili
2933 1306 3301 1375 introducta

652 1403 1051 1489 voluptatum
1098 1421 1175 1465 ac
1220 1398 1553 1467 libidinum
1601 1401 1877 1483 licentia,
1932 1405 2291 1493 imperitam
2336 1408 2802 1476 multitudinem
2867 1429 2912 1477 a
2970 1434 3121 1480 vera
3166 1415 3297 1503 pie-

647 1518 783 1576 tate
850 1528 928 1573 ac
973 1505 1131 1594 legis
1196 1505 1609 1593 comprobata
1678 1516 1746 1573 et
1814 1511 2058 1576 sancita
2124 1511 2573 1580 observatione
2639 1516 2983 1585 avertebat.
3076 1520 3294 1608 Atque

644 1616 766 1683 hae
811 1611 1066 1701 quidem
1099 1608 1258 1679 ‘cum
1304 1610 1475 1679 bello
1518 1612 1586 1678 in
1630 1636 1701 1681 re
1768 1613 2028 1702 publica
2070 1625 2289 1705 pestes
2358 1625 2550 1707 atque
2593 1621 2989 1690 intoleranda
3055 1626 3296 1693 conflu-

642 1728 869 1789 xerant
911 1718 1096 1801 mala,
1141 1739 1306 1805 quae
1348 1720 1528 1807 pacis
1573 1721 2002 1808 tranquillitas
2049 1731 2160 1790 aut
2202 1726 2329 1811 jam
2374 1730 2753 1815 compressit
2787 1738 2898 1797 aut
2938 1729 3076 1816 sola
3118 1741 3296 1801 certe

640 1832 708 1896 in
754 1833 1081 1917 posterum
1126 1825 1365 1914 poterit
1410 1846 1815 1913 compescere
1879 1849 1957 1894 ac
2032 1830 2420 1918 propulsare.
2510 1831 2742 1920 Itaque
2807 1857 2954 1904 cum
3013 1837 3292 1925 primum

638 1937 722 2005 de
767 1956 926 2025 pace
980 1934 1208 2021 agitari
1252 1939 1548 2020 coeptum
1595 1940 1720 2021 est,⁸
1787 1934 1993 2023 ipsam
2038 1936 2174 2003 fere
2233 1939 2411 2026 pacis
2458 1960 2639 2028 spem
2704 1948 2771 2008 et
2814 1964 3107 2031 agrorum
3150 1946 3293 2013 ino-

639 2045 857 2132 pinata
898 2041 1195 2108 fertilitas
1241 2049 1308 2109 et
1353 2061 1599 2107 summa
1666 2041 1832 2107 coeli
1885 2042 2224 2111 salubritas
2290 2054 2633 2113 consecuta
2698 2057 2813 2115 est.
2898 2048 3287 2119 Insolentem
3391 2099 3395 2104 ,

639 2172 791 2218 vero
834 2150 905 2216 in
948 2149 1183 2215 nostris
1220 2146 1560 2216 discordiis
1629 2168 1705 2215 ac
1772 2147 2121 2216 terribilem
2188 2150 2440 2219 hostem
2455 2201 2473 2235 ,
2538 2154 2606 2219 in
2668 2176 2830 2242 pace
2897 2164 3087 2243 atque
3155 2159 3289 2224 otio

634 2278 892 2346 segnem
937 2249 1016 2323 ac
1059 2255 1373 2338 timidum,
1417 2278 1581 2322 unus
1614 2254 1723 2323 hic
1766 2255 1852 2323 de
1922 2279 2084 2344 pace
2157 2280 2374 2325 rumor
2416 2281 2455 2326 a
2502 2259 2795 2328 Viennae
2853 2270 3001 2329 ante
3045 2265 3287 2331 moeni·

630 2365 749 2433 bus
813 2363 1136 2452 repulsum
1203 2360 1438 2451 adegit,
1504 2368 1578 2428 ut
1639 2384 1677 2429 e
1741 2362 2087 2445 Pannonia,
2156 2386 2282 2452 quo
2358 2373 2507 2433 ante
2583 2368 2817 2435 milites
2885 2370 2952 2435 in
3020 2369 3289 2439 hiberna

630 2469 1003 2552 deduxerat,
1063 2470 1133 2535 iu
1175 2468 1514 2538 Thraciam
1574 2492 1650 2537 ac
1714 2469 2073 2537 Bisantium
2119 2494 2304 2538 suum
2368 2472 2546 2540 illum
2613 2474 3053 2543 infelicissime
3115 2499 3288 2545 nunc

624 2582 836 2647 omnia
919 2584 1214 2646 conatum
1300 2578 1650 2644 exercitum
1721 2585 2094 2665 reportaret.
2217 2578 2264 2645 J
2263 2600 2365 2646 am
2444 2602 2602 2648 vero
2681 2580 2956 2671 improbi
3000 2604 3080 2650 ac
3141 2605 3283 2651 sce-

620 2686 806 2753 le'rati
862 2685 1198 2775 impiarum
1261 2685 1765 2772 conjurationum
1827 2683 2025 2752 duces
2091 2693 2157 2752 et
2222 2693 2493 2771 autores,
2556 2709 2684 2775 quo
2728 2686 2987 2756 tandem
3053 2689 3288 2770 animo,

625 2817 816 2882 quam
886 2793 1094 2861 fracto
1162 2799 1232 2859 et
1286 2790 1624 2859 debilitato
1689 2793 2010 2881 accipient
2075 2815 2212 2860 rem
2275 2792 2595 2882 publicam
2671 2798 3068 2878 convenisse,
3140 2797 3285 2865 fore

620 2903 749 2988 jam
794 2898 1041 2988 legibus
1118 2920 1196 2966 ac
1238 2896 1494 2984 judiciis
1569 2898 1778 2965 locum
1845 2908 1925 2965 'ac
1989 2897 2115 2966 sibi
2180 2905 2294 2965 aut
2356 2900 2572 2966 statim
2642 2922 2683 2967 a
2748 2902 3018 2989 pristino
3060 2902 3283 2970 furore

621 3015 812 3094 atque
856 3007 1135 3073 amentia
1178 3013 1455 3073 mentem
1499 3004 1941 3084 revocandam,
2005 3012 2118 3072 aut
2160 3007 2568 3094 gravissimas
2614 3006 2951 3075 vecordiae
3013 3030 3090 3077 ac
3135 3031 3283 3098 per-

618 3115 892 3182 tinaciae
963 3134 1116 3180 suae
1179 3133 1418 3201 poenas
1481 3110 1872 3180 subeundas!
1964 3112 2029 3179 Ο
2097 3112 2375 3181 faustam
2422 3122 2489 3181 et
2542 3112 2652 3182 diu
2701 3121 2985 3203 optatam
3032 3137 3283 3203 pacem,

623 3245 741 3312 per
783 3242 973 3308 quam
1019 3242 1146 3286 non
1192 3242 1386 3288 sensu
1431 3227 1681 3287 tantum
1727 3240 1805 3287 ac
1851 3219 2180 3288 voluntate
2225 3222 2682 3309 conjungimur,
2729 3221 2848 3288 sed
2891 3223 3279 3312 respiramus

622 3331 817 3396 etiam
863 3350 940 3394 ac
984 3327 1453 3394 reviviscimus!
1544 3326 1635 3393 Et
1677 3325 1897 3412 quales
1940 3327 2070 3414 jam
2116 3327 2498 3394 constitutae
2541 3333 2607 3393 et
2650 3329 3056 3396 confirmatae
3100 3329 3279 3397 fruc·

620 3445 725 3504 tus
771 3436 1024 3502 futuros
1090 3435 1543 3515 existimamus,
1603 3435 1788 3522 cujus
1832 3441 1961 3500 tam
2009 3433 2210 3500 fuerit
2251 3435 2392 3522 ipsa
2437 3456 2587 3523 spes
2650 3434 2975 3501 salutaris!
3063 3434 3277 3514 Quid-

616 3567 739 3631 que
785 3565 920 3609 non
976 3541 1246 3609 salutem
1290 3547 1538 3607 tantum
1597 3547 1973 3628 perpetuam
2039 3560 2117 3605 ac
2182 3562 2221 3607 a
2288 3540 2595 3607 molestiis
2668 3541 3089 3619 vacationem,
3157 3541 3279 3609 sed

615 3650 992 3717 felicitatem
1040 3650 1228 3715 etiam
1276 3669 1353 3715 ac
1398 3647 1818 3714 certissimam
1864 3644 2173 3713 hodierna
2219 3669 2346 3734 pax
2377 3645 2561 3713 nobis
2590 3647 2856 3735 gloriam
2884 3646 3226 3735 pollicetur
3240 3651 3275 3716 ⁶?

618 3756 820 3822 Mitto
866 3755 1204 3844 perspicua
1247 3753 1358 3820 illa
1404 3761 1471 3820 et
1513 3775 1676 3840 quae
1745 3774 1969 3841 pacem
2032 3773 2287 3842 semper
2352 3775 2480 3820 non
2524 3752 2729 3836 aliter,
2796 3775 2984 3840 quam
3047 3753 3275 3822 umbra

612 3884 862 3950 corpus,
933 3860 1103 3931 bona
1147 3866 1614 3941 consectantur,
1679 3859 2084 3945 tranquillam
2142 3860 2478 3926 civitatum
2499 3858 2904 3941 libertatem,
2973 3881 3272 3946 agrorum

609 3968 988 4049 ubertatem,
1035 3965 1274 4034 sobolis
1320 3967 1866 4054 propagationem,
1909 3964 2107 4033 libera
2155 3984 2232 4033 ac
2276 3974 2417 4034 tuta
2443 3966 2822 4055 populorum
2868 3968 3269 4045 commercia,

609 4077 937 4162 mittoque,
1009 4093 1172 4160 quae
1217 4071 1467 4140 bellicis
1531 4069 1853 4138 furoribus
1911 4072 2201 4160 perculsa
2275 4094 2352 4139 ac
2424 4080 2744 4160 prostrata
2803 4070 3121 4161 jacebant,
3195 4094 3270 4139 se

609 4180 877 4249 efferent
921 4188 988 4247 et
1031 4180 1279 4267 erigent
1320 4179 1677 4244 litterarum
1723 4185 1918 4264 atque
1961 4179 2378 4266 ingenuarum
2424 4180 2657 4245 artium
2702 4177 2931 4256 studia,
2996 4200 3267 4263 quorum

602 4295 703 4356 est
768 4287 976 4354 cultus
1052 4292 1120 4352 et
1162 4285 1326 4354 bene
1370 4285 1737 4352 constitutis
1808 4283 2179 4352 civitatibus
2248 4293 2316 4350 et
2378 4285 2623 4372 optimo
2688 4285 2919 4371 cuique
2980 4284 3267 4373 principi

600 4395 873 4461 ωωῑίαιο
917 4392 1227 4460 honestus
1300 4398 1368 4458 et
1427 4391 1846 4473 necessarius,
1908 4413 1985 4457 ac
2029 4389 2275 4478 vigebit
2340 4391 2523 4478 pacis
2592 4411 2831 4471 comes,
2902 4391 3023 4456 otii
3086 4393 3264 4458 socia

605 4501 983 4587 eloquentia.
1074 4498 1209 4566 Sed
1255 4498 1417 4566 haec
1462 4506 1532 4564 et
1575 4497 1702 4564 alia
1745 4498 1949 4564 multa
1995 4505 2346 4584 praetere0,
2391 4518 2521 4563 non
2565 4498 2716 4583 quia
2741 4497 3017 4563 maxime
3063 4517 3262 4585 expe-

599 4609 796 4677 tenda
842 4630 967 4674 non
1015 4609 1163 4690 sint,
1226 4606 1342 4674 sed
1387 4607 1536 4693 quia
1579 4607 1647 4670 in
1693 4604 1993 4693 promptu
2039 4611 2192 4670 sunt
2234 4626 2312 4670 ac
2358 4604 2563 4692 prima
2608 4625 2676 4670 se
2721 4605 2900 4691 pacis
2949 4601 3260 4671 utilitates

595 4715 992 4784 intuentibus
1038 4713 1332 4782 offerunt.
1421 4713 1608 4793 Quae
1654 4719 1866 4800 potest
1909 4719 2126 4777 autem
2174 4713 2374 4799 major
2418 4716 2640 4777 nostro
2676 4709 2933 4776 saeculo
2977 4707 3260 4778 felicitas

589 4826 974 4912 contingere,
1040 4843 1230 4909 quam
1295 4822 1354 4885 si
1420 4841 1554 4899 eae,
1618 4839 1776 4904 quas
1842 4817 2039 4905 paulo
2110 4825 2257 4883 aute
2324 4817 2668 4897 nominavi,
2731 4816 2987 4903 imperii
3047 4819 3260 4883 nostri

583 4939 798 5022 partes
845 4951 881 4996 e
927 4927 1052 4996 diri
1097 4928 1394 5014 saevique
1457 4924 1658 4991 hostis
1705 4921 1997 4990 manibus
2061 4925 2601 5010 extorqueantur?
2671 4929 2865 5008 atque
2909 4922 2960 4987 ii
3003 4922 3252 5010 populi,
