3525 5525
1930 463 2013 536 14

641 664 984 743 civitatem,
1031 659 1204 748 quod
1249 668 1350 728 est
1394 662 1670 727 maxime
1717 660 1800 728 ab
1847 663 1981 749 ejus
2026 663 2270 729 infinita
2314 662 2746 731 misericordia
2792 661 3087 746 alienum,
3145 658 3300 732 fun·

638 771 810 839 ditus
857 770 1016 838 velit
1059 766 1292 851 delere)
1338 789 1376 833 a
1420 767 1969 835 turbulentissima
2016 769 2709 836 calamitosissimorum
2755 778 3114 859 temporum
3159 773 3301 859 agi-

632 881 876 946 tatione
947 878 1488 964 eonquieseamus.
1578 875 1794 963 Atque
1876 873 1962 941 ad
2034 876 2339 963 reliquam
2414 875 2850 945 diuturnitatis
2919 900 3098 965 spem
3168 878 3300 945 hoc

639 989 834 1053 etiam
860 983 1129 1066 accedit,
1173 980 1346 1070 quod
1376 1004 1579 1069 neque
1624 983 1691 1049 vi
1737 1005 1942 1070 neque
1986 991 2181 1064 metu,
2225 982 2342 1050 sed
2386 981 2558 1070 quod
2601 985 2780 1072 pacis
2825 985 3153 1072 proprium
3177 994 3299 1063 est,

637 1091 840 1160 libero
907 1090 1174 1159 consilio
1239 1110 1316 1156 ac
1361 1088 1691 1155 voluntate
1752 1096 1903 1155 sunt
1967 1092 2248 1157 omnium
2313 1098 2575 1178 repente
2638 1091 3056 1178 cogitationes
3125 1091 3298 1159 odiis

640 1200 961 1267 restinctis
1008 1206 1199 1285 atque
1245 1196 1434 1261 armis
1480 1193 1749 1283 abjectis
1817 1196 1901 1264 ad
1948 1195 2352 1265 concordiam
2423 1205 2490 1264 et
2534 1198 2878 1265 amicitiam
2923 1219 3297 1265 conversae.

635 1306 1039 1393 Tantumque
1084 1306 1340 1370 omnino
1385 1302 1585 1386 abest,
1651 1310 1724 1369 ut
1769 1303 1898 1369 ulla
1940 1304 2011 1369 in
2054 1303 2177 1371 hac
2245 1326 2404 1391 pace
2450 1306 2768 1372 simulatio
2839 1313 3150 1386 versetur,
3218 1313 3301 1372 ut

642 1435 767 1479 non
814 1411 1022 1478 forma
1063 1417 1316 1478 tantum
1382 1409 1637 1498 pristini
1697 1411 1869 1476 inter
1927 1431 2208 1476 summos
2278 1411 2584 1499 principis
2643 1410 2798 1478 belli
2842 1410 3108 1493 sublata,
3176 1410 3297 1478 sed

635 1521 777 1607 ipsa
847 1519 1041 1585 etiam
1114 1517 1321 1584 litium
1403 1525 1470 1584 et
1531 1518 2070 1584 concertationum
2159 1516 2514 1586 recordatio
2582 1520 2916 1587 evanuisse
2983 1517 3297 1585 videatur.

636 1625 821 1693 Vicit
864 1622 1122 1692 tandem
1166 1623 1594 1691 temeritatem
1638 1624 1825 1704 ratio,
1869 1624 2154 1710 aequitas
2201 1626 2669 1692 contumaciam
2705 1626 3069 1713 prostravit,
3110 1647 3297 1693 ever-

635 1734 718 1798 tit
761 1732 1099 1798 elationem
1144 1730 1341 1797 animi
1385 1729 1827 1813 mansuetudO,
1885 1729 2044 1798 fides
2092 1739 2159 1799 et
2203 1731 2352 1799 odia
2396 1733 2692 1799 restinxit
2734 1741 2802 1800 et
2844 1734 3049 1821 ipsam
3099 1736 3295 1800 etiam

634 1838 1101 1905 inimititiarum
1147 1837 1515 1917 memoriam
1561 1834 1861 1920 abolevit,
1908 1837 2157 1924 justitia
2202 1846 2270 1904 et
2313 1860 2441 1926 pax
2474 1839 2796 1906 osculatae
2827 1846 2997 1921 sunt,
3042 1841 3289 1908 veritas

636 1944 721 2012 de
764 1952 934 2011 terra
978 1951 1117 2010 orta
1163 1951 1264 2010 est
1307 1950 1374 2011 et
1425 1944 1677 2030 justitia
1721 1942 1805 2011 de
1850 1943 2031 2011 coelo
2076 1946 2423 2032 prospexit.
2514 1944 2603 2011 Et
2637 1946 2781 2033 quis
2809 1968 3061 2033 quoque
3106 1944 3298 2014 dubi-

637 2049 818 2134 tabit,
862 2052 1016 2138 quin
1062 2051 1421 2117 firmissima
1464 2058 1654 2137 atque
1700 2048 1862 2117 adeo
1907 2048 2367 2118 indissolubilis
2412 2051 2627 2119 futura
2671 2053 2758 2118 sit
2812 2074 2886 2118 ea
2929 2051 3295 2134 concordia,

639 2181 803 2245 quae
866 2160 955 2226 sit
1024 2181 1141 2248 per
1213 2178 1492 2225 summas
1539 2166 1606 2225 et
1650 2160 1923 2225 maxime
1998 2157 2252 2227 divinas
2319 2160 2591 2226 virtutes
2636 2156 3070 2246 conglutinata
3115 2165 3182 2226 et
3225 2160 3295 2225 in

633 2288 760 2353 qua
803 2266 903 2332 vis
949 2265 1123 2334 victa
1166 2265 1323 2351 jure,
1392 2266 1683 2354 mitigata
1728 2266 1814 2332 sit
1869 2263 2183 2332 acerbitas
2244 2265 2506 2332 lenitate
2519 2268 2552 2331 ‘2
2639 2263 2838 2344 Quod
2883 2286 3033 2358 vero
3098 2271 3299 2354 caput

631 2379 746 2453 est,
792 2378 860 2439 et
900 2379 1122 2440 vatum
1167 2373 1427 2439 monitis
1475 2380 1542 2439 et
1572 2373 1813 2438 virtute
1857 2379 1968 2438 tua
1997 2371 2168 2454 freti,
2212 2393 2448 2453 caesar,
2495 2370 2813 2459 ejusmodi
2841 2370 3077 2438 bellum
3124 2379 3293 2438 terra

633 2479 918 2565 marique
963 2480 1170 2568 primo
1216 2501 1470 2566 quoque
1517 2487 1805 2567 tempore
1851 2501 1889 2545 a
1933 2486 1999 2545 te
2045 2487 2421 2567 apparatum
2466 2500 2543 2545 ac
2606 2486 2970 2566 susceptum
3017 2478 3098 2543 iri
3141 2500 3299 2545 con·

633 2585 906 2668 fidimus,
951 2593 1040 2664 ut,
1086 2606 1233 2652 cum
1281 2585 1481 2652 semel
1526 2584 1864 2651 christiani
1909 2585 2096 2672 longe
2143 2606 2181 2650 a
2225 2583 2415 2651 domo
2446 2593 2636 2672 atque
2689 2608 2728 2651 a
2772 2583 3128 2652 visceribus
3160 2585 3295 2651 suis

633 2713 808 2759 arma
853 2693 1288 2782 promoverint
1332 2713 1429 2775 ac,
1473 2713 1635 2779 quae
1682 2692 1788 2772 sit,
1834 2691 2084 2779 experti
2128 2690 2371 2758 fuerint
2400 2696 2617 2757 eorum
2662 2689 2971 2758 bellorum
2999 2688 3296 2775 dulced0,

627 2801 696 2865 in
741 2798 974 2887 quibus
1021 2808 1088 2866 et
1131 2801 1397 2867 vincere
1443 2798 1727 2887 optabile
1774 2819 1850 2864 ac
1896 2798 2170 2865 salutare
2217 2805 2284 2866 et
2328 2798 2565 2867 cadere
2595 2799 2774 2884 pium
2819 2820 2896 2867 ac
2926 2799 3295 2886 gloriosum,

638 2929 958 2996 nunquam
1003 2909 1070 2973 in
1144 2915 1471 2995 posterum
1518 2905 1602 2973 ad
1649 2928 1724 2973 ea
1771 2906 2117 2973 certamina
2161 2907 2438 2973 animum
2500 2914 2569 2972 et
2612 2907 3062 2993 cogitationem
3129 2905 3297 2972 refe—

632 3021 796 3096 rant,
867 3037 1135 3102 quorum
1191 3035 1318 3079 non
1363 3012 1554 3078 facile
1599 3011 1742 3099 quis
1789 3010 2043 3092 dixerit,
2112 3010 2685 3079 miserabilioresne
2751 3013 2881 3078 sint
2948 3009 3166 3079 clades
3214 3034 3293 3078 an

632 3121 835 3209 magis
881 3121 1151 3187 infames
1199 3128 1268 3187 et
1310 3118 1612 3208 lugubres
1658 3119 1988 3186 victoriae.

846 3227 1005 3293 Dixi
1049 3225 1134 3294 de
1181 3226 1356 3314 pacis
1417 3224 1858 3314 amplitudine,
1925 3224 2239 3314 dignitate
2312 3247 2389 3292 ae
2457 3248 2573 3314 spe
2636 3225 3088 3293 diuturnitatis.
3183 3225 3295 3294 Ad

634 3335 770 3420 ejus
801 3354 968 3399 nunc
997 3333 1541 3421 opportunitatem
1568 3333 1778 3414 venie,
1821 3333 1889 3397 in
1935 3354 2059 3419 qua
2090 3340 2155 3398 et
2184 3333 2576 3400 calamitates
2608 3341 2675 3400 et
2706 3333 2990 3421 pericula
3018 3334 3296 3398 maxima

627 3438 994 3528 depellendi
1080 3446 1145 3505 et
1212 3440 1677 3526 optatissimam
1736 3438 2125 3527 ‚felicitatem
2205 3438 2617 3527 comparandi
2699 3441 3051 3506 certissima
3114 3440 3290 3505 inest

628 3569 795 3635 spes.
886 3545 1055 3612 Nam
1100 3567 1265 3633 quae
1313 3545 1529 3633 potuit
1573 3565 1715 3610 esse
1763 3567 1887 3632 pax
1934 3547 2373 3633 opportunior,
2417 3568 2606 3633 quam
2651 3569 2814 3633 quae
2859 3545 3169 3613 divinitus
3215 3544 3288 3612 id

631 3654 936 3742 temporis
980 3652 1226 3733 incidit,
1295 3674 1441 3738 que,
1487 3653 1610 3717 nisi
1656 3674 1773 3717 nos
1819 3650 2001 3717 Deus
2046 3652 2454 3739 respexisset,
2522 3661 2922 3738 mentemque
2967 3674 3006 3717 a
3050 3651 3293 3718 saeculi

632 3763 831 3829 nostri
874 3759 1198 3828 fraudium
1243 3782 1319 3827 ac
1366 3760 1672 3827 scelerum
1719 3759 2268 3826 animadversione
2314 3757 2398 3826 ad
2443 3757 2943 3826 misericordiam
2997 3780 3073 3824 ac
3117 3759 3278 3824 leni-

629 3878 824 3936 tatem
899 3866 1306 3948 traduxisset,
1376 3865 1533 3931 nihil
1597 3887 1874 3953 unquam
1938 3867 2230 3953 proprius
2304 3865 2447 3946 fuit,
2514 3887 2701 3953 quam
2767 3872 2840 3930 ut
2882 3864 3097 3931 cuncti
3142 3865 3278 3931 fere

634 3976 930 4063 Europae
1003 3972 1227 4060 populi
1303 3993 1416 4058 per
1477 3970 1913 4059 implacabiles
1989 3972 2347 4060 principum
2420 3970 2771 4040 discordias
2850 3970 3040 4052 terro,
3103 3971 3275 4039 fame

634 4080 875 4164 morb0,
920 4082 1218 4147 vastitate
1257 4087 1797 4161 consumerentur,
1841 4079 2301 4167 pulcherrimae
2347 4101 2501 4148 vero
2547 4079 2926 4146 christianae
2952 4080 3045 4144 rei
3071 4078 3279 4165 publi-

629 4211 745 4256 cae
790 4195 1005 4277 partes
1052 4188 1378 4254 teterrimo
1424 4194 1615 4274 atque
1660 4208 1698 4251 a
1742 4186 1904 4274 lege,
1949 4187 2126 4255 victu
2171 4185 2581 4272 moribusque
2628 4187 2859 4252 nostris
2890 4184 3275 4251 alienissimo

627 4296 802 4361 hosti
876 4293 1149 4382 praedae
1195 4315 1272 4360 ac
1317 4292 1595 4361 ludibrio
1668 4301 1885 4359 essent
1953 4315 2029 4360 ac
2093 4301 2415 4380 postremo
2479 4291 2701 4359 divina
2766 4291 3088 4378 religionis
3134 4294 3295 4379 jura,

624 4423 788 4489 quae
838 4399 921 4467 ab
967 4401 1318 4467 animorum
1366 4401 1757 4486 sempiterna
1803 4421 1921 4465 nos
1968 4400 2251 4487 pernicie
2299 4397 2649 4478 vindicant,
2711 4418 2748 4462 a
2794 4403 2892 4463 tot
2936 4402 3109 4462 retro
3157 4417 3294 4462 sae·

628 4509 790 4575 culis
838 4508 1243 4575 sanctissime
1288 4505 1630 4587 custodita,
1688 4530 1816 4572 non
1874 4505 2052 4573 falsis
2099 4513 2344 4572 tantum
2394 4511 2460 4571 et-
2517 4505 2753 4591 iniquis
2822 4503 3293 4588 interpretatio—-

628 4614 817 4682 nibus
864 4616 1265 4694 vitiarentur,
1326 4611 1443 4679 sed
1498 4634 1701 4681 novae
1748 4614 1940 4679 etiam
1987 4620 2201 4678 sectae
2247 4611 2464 4677 furore
2533 4618 2599 4676 et
2661 4611 2939 4677 amentia
2986 4631 3022 4675 e
3068 4632 3291 4696 magna

625 4721 920 4810 Europae
967 4729 1148 4810 parte
1197 4721 1806 4787 exterminarentur?
1895 4718 1959 4784 N
1962 4741 2043 4784 on
2089 4719 2478 4796 commitam,
2550 4724 2619 4783 ut
2664 4718 2729 4782 in
2774 4723 2953 4782 tanta
2998 4714 3288 4784 hodierni

622 4827 755 4898 diei
800 4849 875 4897 ac
920 4836 1050 4894 tam
1095 4827 1398 4915 singulari
1447 4826 1690 4893 laetitia
1754 4825 2237 4913 praeteritorum
2283 4824 2587 4891 malorum
2665 4823 3029 4888 memoriam
3080 4822 3264 4890 refri-
