3525 5525
1489 477 1570 541 19

181 691 265 733 an
321 692 480 735 vero
529 670 833 757 pietatem
878 666 1264 735 admiremur
1277 669 1310 733 ‘2
1398 667 1501 732 Tu
1546 664 1805 753 quidem
1878 687 2260 754 propensam
2322 687 2573 751 semper
2617 661 2702 729 ad
2747 686 2856 750 pa—

181 796 330 840 cem
383 785 454 844 et
496 774 905 843 concordiam
949 771 1344 840 voluntatem
1406 794 1559 860 prae
1627 780 1692 838 te
1736 772 1957 838 tulisti.
2046 771 2224 838 Tuus
2272 792 2427 838 vero
2470 772 2595 835 iste
2639 769 2855 855 magni

185 890 254 947 et
304 882 554 949 excelsi
598 881 793 948 animi
838 881 1026 967 vigor
1067 876 1634 945 turbulentissimis
1679 876 2074 965 temporibus
2121 876 2297 956 nulli,
2345 897 2552 964 neque
2597 874 2857 952 homini,

180 1009 401 1076 neque
448 989 644 1055 animi
687 985 1172 1075 perturbationi,
1246 1006 1452 1072 neque
1497 984 1791 1050 fortunae
1850 983 2205 1052 succubuit.
2297 983 2399 1048 Ac
2445 1004 2593 1049 cum
2639 980 2858 1060 multa,

185 1094 596 1179 gravissimis
641 1093 999 1180 potentium
1044 1093 1445 1158 inimicorum
1489 1090 1735 1177 injuriis
1771 1090 2124 1170 lacessitus,
2168 1091 2341 1177 justa
2385 1110 2461 1156 ac
2499 1087 2857 1154 necessaria

184 1201 390 1266 etiam
436 1199 607 1267 bella
651 1197 1012 1286 susceperis
1086 1205 1153 1264 et
1196 1218 1445 1263 summa
1516 1196 1845 1262 celeritate
1906 1196 2279 1276 confeceris,
2347 1216 2473 1272 eas,
2536 1215 2691 1281 quas
2736 1190 2858 1259 tibi

188 1305 441 1373 victrix
484 1326 684 1394 prope
727 1306 874 1393 ipsa
920 1305 1158 1373 veritas
1227 1310 1296 1370 et
1356 1324 1503 1371 caue
1512 1325 1589 1369 ae
1654 1310 1805 1369 tuae
1868 1303 2155 1390 aequitas
2198 1301 2486 1369 detulere
2534 1301 2857 1380 victorias,

188 1434 360 1500 quae
407 1413 548 1479 sine
591 1435 820 1500 magna
887 1411 1219 1479 christiani
1281 1410 1505 1498 populi
1565 1411 1811 1497 jactura
1872 1410 2239 1496 contingere
2303 1430 2432 1474 non
2497 1413 2858 1495 potuerunt,

188 1519 415 1585 tristes
494 1541 571 1586 ac
630 1518 955 1586 luctuosas
1024 1519 1286 1606 putasti,
1353 1539 1559 1604 neque
1603 1516 1673 1585 id
1739 1516 1923 1583 vultu
1986 1525 2233 1583 tantum
2297 1537 2374 1583 ac
2440 1512 2675 1594 verbis,
2741 1513 2859 1580 sed

187 1625 479 1691 lacrimis
526 1628 719 1693 etiam
783 1648 852 1692 es
899 1633 965 1692 et
1031 1623 1322 1691 obsoleto
1383 1625 1628 1692 vestitu
1673 1625 2063 1691 testificatus.
2155 1622 2256 1688 Tu
2325 1622 2600 1687 maxima
2645 1641 2860 1707 regna,

194 1740 266 1798 tu
317 1734 522 1800 vitam
565 1733 774 1821 ipsam
816 1733 898 1798 iis
943 1729 1326 1812 hominibus,
1394 1752 1554 1818 quos
1599 1735 1749 1797 tuae
1796 1732 2100 1817 potestati
2166 1729 2437 1796 victoria
2481 1725 2860 1813 subjecerat,

193 1838 600 1922 condonasti,
668 1847 859 1926 atque
906 1859 1123 1905 eorum
1170 1839 1552 1905 existimasti
1607 1836 1923 1905 bellorum
1991 1835 2397 1923 bellandique
2441 1830 2857 1921 cupiditatem

196 1968 332 2012 non
377 1948 572 2012 armis
619 1955 684 2013 et
726 1946 998 2033 imperio
1044 1942 1606 2031 comprimendam,
1650 1943 1769 2010 sed
1812 1941 2193 2010 liberalitate
2238 1950 2306 2007 et
2333 1939 2529 2007 animi
2572 1937 2859 2007 modera-

118 2090 123 2096 -
193 2054 373 2119 tione
420 2051 954 2140 restinguendam.
1053 2050 1181 2118 Ubi
1230 2073 1382 2118 vero
1429 2052 1634 2138 prima
1677 2052 1857 2138 pacis
1904 2050 2165 2116 emicuit
2196 2070 2374 2135 spes,
2419 2048 2555 2133 ejus
2601 2054 2674 2111 tu
2719 2047 2860 2132 spei

200 2161 387 2244 quasi
435 2158 777 2225 scintillam
850 2180 978 2223 non
1025 2155 1450 2245 legationibus
1496 2163 1745 2223 tantum
1815 2164 1882 2223 et
1949 2151 2516 2234 cohortationibus,
2583 2151 2699 2220 sed
2764 2153 2861 2218 tui

202 2267 399 2332 etiam
447 2264 766 2333 adventus
811 2264 1141 2331 celeritate
1204 2264 1627 2331 inflammasti.
1720 2264 1938 2351 Atque
2006 2261 2164 2328 haec
2220 2259 2475 2348 quidem
2520 2260 2860 2326 inusitatae

203 2393 280 2437 ac
335 2369 634 2439 omnibus
707 2370 982 2437 saeculis
1061 2369 1392 2437 inauditae
1467 2368 1920 2458 magnitudinis
1987 2377 2055 2435 et
2123 2367 2407 2435 lenitatis
2479 2365 2862 2434 documenta

206 2477 490 2545 fuerunt.
582 2475 692 2544 Ad
735 2486 884 2544 tuae
929 2499 1086 2545 vero
1131 2477 1391 2565 pietatis
1438 2474 1693 2543 laudem
1738 2477 1881 2563 quis
1925 2477 2052 2563 jam
2100 2482 2316 2563 potest
2344 2474 2633 2540 cumulus
2654 2513 2658 2517 -
2680 2494 2861 2539 acee-

201 2581 354 2650 dere
370 2588 405 2650 ⁶?
492 2584 593 2651 Tu
668 2606 813 2651 cum
882 2606 1081 2651 ovans
1125 2584 1195 2649 in
1267 2582 1434 2649 hanc
1513 2582 2023 2649 florentissimam
2099 2580 2321 2648 urbem
2393 2602 2537 2647 cum
2617 2579 2863 2666 ingenti

210 2691 495 2757 omnium
542 2691 769 2780 plausu
827 2699 896 2758 et
939 2691 1362 2757 exsultatione
1423 2691 1751 2773 intrasses,
1822 2689 1995 2756 hunc
2057 2688 2528 2755 sanctissimum
2595 2693 2862 2775 patrem,

215 2800 324 2884 qui
370 2807 439 2864 te
504 2800 642 2886 jure
687 2821 764 2866 ac
825 2800 1055 2866 merito
1120 2797 1563 2866 ardentissime
1629 2805 1821 2879 amat,
1889 2795 1973 2864 ad
2039 2797 2177 2883 ejus
2242 2794 2439 2882 pedes
2508 2799 2861 2882 prostratus

206 2905 504 2973 adorasti.
595 2900 841 2973 Christi
883 2906 1166 2993 legatum
1232 2927 1310 2972 ac
1380 2912 1563 2970 tuum
1626 2925 1703 2970 ae
1748 2906 1949 2970 totius
2016 2905 2110 2971 rei
2173 2901 2467 2991 publicae
2534 2908 2861 2988 parentem

208 3014 590 3100 gravissima
657 3021 724 3080 et
785 3015 910 3101 maj
918 3014 1142 3079 estatis
1211 3012 1584 3100 plenissima
1649 3013 1936 3078 oratione
1991 3010 2311 3098 agnovisti
2378 3031 2456 3075 ae
2499 3006 2735 3075 deinde
2782 3005 2864 3073 ad

213 3141 357 3186 eum
426 3118 779 3187 ornandum
826 3127 892 3186 et
934 3116 1395 3185 honestandum
1445 3140 1571 3184 non
1618 3119 2011 3185 voluntatem
2058 3117 2283 3198 solum,
2328 3113 2445 3182 sed
2479 3123 2622 3181 tuas
2668 3114 2863 3180 etiam

212 3248 370 3314 opes
421 3226 766 3305 contulisti,
834 3248 930 3307 ac,
998 3233 1074 3292 ut
1116 3226 1402 3293 universi
1469 3223 1778 3292 hodierna
1846 3245 2004 3310 pace
2070 3223 2444 3303 frueremur,
2513 3220 2595 3288 ad
2659 3220 2863 3308 ipsius

214 3332 430 3400 studia
474 3340 540 3398 et
585 3332 988 3399 autoritatem
1033 3353 1270 3412 euram,
1315 3331 1585 3418 vigilias,
1652 3329 1958 3411 laborem,
2025 3331 2306 3396 omnium
2352 3327 2626 3415 denique
2671 3328 2865 3394 animi

211 3440 686 3506 contentionem
732 3437 1097 3526 adjunxisti.
1189 3437 1459 3525 Magnas
1505 3445 1574 3503 tu
1622 3436 1901 3524 quidem,
1957 3458 2193 3515 caesar,
2239 3444 2384 3502 ante
2442 3435 2567 3501 hoc
2610 3442 2863 3521 tempus

211 3568 280 3613 es
325 3544 598 3634 adeptus
631 3546 950 3622 victorias,
996 3545 1266 3632 majores
1314 3553 1382 3611 et
1425 3544 1725 3610 clariores
1772 3566 1850 3610 ac
1894 3542 2018 3610 tibi
2063 3545 2252 3609 etiam
2296 3544 2424 3630 ipsi
2452 3538 2863 3628 optabiliores

214 3675 251 3718 a
295 3652 442 3718 Deo
511 3652 857 3739 promissas
925 3672 1002 3717 ae
1063 3659 1313 3739 paratas
1380 3651 1812 3738 intelligimus,
1877 3672 1953 3716 ac
2021 3646 2331 3737 vigebunt
2393 3646 2543 3714 illae
2606 3638 2866 3733 quidem

213 3759 548 3825 multorum
594 3757 994 3824 saeculorum
1039 3759 1360 3840 memoria,
1406 3756 1523 3824 sed
1566 3756 1722 3822 mihi
1768 3755 1977 3837 crede,
2021 3754 2544 3834 mansuetudinis,
2588 3754 2867 3820 clemen·

212 3866 358 3947 tiae,
424 3866 704 3952 pietatis,
767 3865 1111 3952 aequitatis
1155 3872 1304 3931 tuae
1349 3864 1587 3930 famam
1633 3862 1719 3931 ad
1763 3864 2223 3943 aeternitatem,
2289 3868 2595 3951 quantum
2660 3861 2729 3926 in
2797 3881 2867 3926 se

210 3970 422 4052 fuerit,
498 3972 705 4038 omnis
778 3972 1121 4060 posteritas
1189 3970 1585 4060 propagabit.
1681 3969 1939 4050 Quodsi
1997 3968 2196 4058 (quod
2248 3970 2532 4036 futurum
2609 3967 2868 4033 minime

213 4077 602 4161 dubitamus)
648 4077 734 4146 ad
779 4101 1002 4167 pacem
1050 4077 1371 4158 tuendam,
1435 4076 1961 4159 conservandam,
2027 4073 2535 4165 amplificandam
2600 4072 2869 4141 consilia

213 4206 495 4273 opesque
539 4193 689 4252 tuae
756 4207 903 4253 cum
961 4187 1192 4252 summi
1256 4185 1574 4273 pontificis
1643 4185 1985 4251 autoritate
2049 4191 2117 4250 et
2178 4180 2491 4269 dignitate
2559 4186 2868 4267 perpetuo

220 4293 680 4375 consenserint,
746 4293 938 4360 facile
982 4292 1267 4380 judicare
1312 4300 1516 4380 potes,
1587 4299 1888 4378 quantam
1963 4291 2051 4355 sis
2121 4310 2201 4354 ex
2269 4293 2644 4354 conservata
2710 4306 2870 4373 pace

215 4398 477 4484 gloriam
524 4408 1004 4479 consecuturus,
1051 4400 1160 4465 cui
1203 4406 1382 4465 tanta
1425 4397 1618 4464 hodie
1665 4420 1744 4464 ex
1792 4405 1991 4485 parta,
2037 4401 2341 4483 quantum
2388 4399 2760 4481 exspectare
2804 4399 2871 4456 et

215 4505 512 4593 excipere
558 4507 847 4595 potuisti,
891 4504 974 4572 ab
1020 4507 1317 4573 universa
1360 4502 1691 4592 republica
1734 4504 1910 4570 facta
1954 4505 2042 4569 sit
2085 4501 2439 4589 gratulatio.

853 4628 1206 4695 HABITA
1252 4626 1736 4694 BONONIAE
1782 4625 2242 4693 CALENDIS

1047 4734 1489 4803 JANUARII
1536 4734 1626 4799 M.
1672 4735 1754 4799 D.
1803 4734 2032 4799 XXX.
