3525 5525
1994 437 2077 522 18

705 634 858 714 inde
905 648 973 714 in
1020 645 1275 714 Italiam
1321 668 1467 713 cum
1516 647 1790 714 victoria
1835 655 1901 713 et
1944 648 2267 736 triumpho
2313 669 2605 716 reversus
2643 649 2711 714 in
2739 648 2926 737 hujus
2975 638 3361 718 sanctissimi

706 754 906 841 patris
954 760 1303 841 conspectu
1350 775 1468 840 pro
1505 760 1637 819 tam
1683 752 2047 841 ingentibus
2094 775 2171 820 ac
2216 762 2347 821 tam
2420 754 2693 822 feliciter
2735 756 2934 842 gestis
2982 754 3173 824 rebus
3221 756 3361 824 Deo

705 851 1073 948 nuncupata
1118 866 1271 926 vota
1342 858 1689 946 persolves.
1780 859 1930 937 Qua
1993 866 2058 926 te
2121 859 2227 925 hic
2294 861 2435 948 ipse
2502 860 2795 948 pontifex
2858 862 3191 943 maximus,
3257 863 3364 948 qui

705 988 875 1033 nunc
922 988 1117 1036 verae
1161 988 1239 1033 ac
1284 964 1528 1032 solidae
1573 966 1815 1054 gloriae
1858 968 1982 1033 iter
2024 965 2490 1053 ingredientem
2536 974 2718 1034 tanto
2745 977 2811 1034 te
2841 988 3055 1035 amore
3101 975 3171 1034 et
3215 967 3361 1035 cha-

706 1077 894 1142 ritate
939 1074 1361 1163 prosequitur,
1405 1073 1831 1161 gratulatione
1878 1074 2199 1161 excipiet?
2287 1074 2456 1153 Quis
2503 1095 2657 1141 vero
2730 1097 2811 1141 ex
2876 1073 2998 1141 hac
3042 1076 3361 1162 augustis-

707 1183 870 1260 sima
914 1187 1459 1249 sacrosanctorum
1507 1180 1834 1247 hominum
1895 1189 1962 1247 et
2004 1179 2347 1247 illustrium
2392 1179 2777 1270 principum
2823 1202 3058 1248 corona
3103 1203 3251 1256 cum
3299 1190 3361 1248 te

703 1286 1075 1371 intuebitur,
1129 1310 1258 1354 non
1302 1286 1797 1355 innumerabiles
1845 1288 2144 1354 victorias
2213 1296 2357 1354 tuas
2422 1296 2614 1375 atque
2680 1287 3087 1356 incredibiles
3161 1310 3363 1377 prope

704 1396 1117 1464 maximarum
1161 1415 1375 1462 rerum
1422 1400 1689 1462 eventus
1735 1392 2188 1481 obstupescet?
2275 1391 2440 1473 Quis
2507 1394 2726 1482 gaudii
2790 1393 2911 1461 tibi
2976 1395 3077 1461 sui
3134 1396 3363 1461 certis-

704 1502 869 1568 sima
913 1503 1095 1590 signa
1138 1523 1266 1567 non
1312 1522 1478 1568 voce
1524 1502 1730 1567 solum
1776 1521 1855 1567 ac
1899 1500 2249 1589 plausibus,
2306 1501 2424 1568 sed
2468 1502 2624 1590 ipsis
2690 1503 2878 1569 etiam
2928 1523 3078 1589 prae
3121 1502 3356 1589 gaudio

704 1608 925 1676 effusis
1001 1608 1283 1675 lacrimis
1354 1629 1484 1675 non
1555 1608 1998 1695 impertietur?
2109 1606 2173 1675 O
2246 1610 2601 1695 exspectati
2677 1610 2981 1697 temporis
3056 1607 3357 1691 felicitas,

702 1738 743 1784 o
786 1714 980 1797 beati,
1047 1715 1159 1801 qui
1224 1715 1518 1782 maximis
1584 1715 1883 1803 periculis
1948 1735 2025 1782 ac
2092 1716 2276 1782 malis
2321 1715 2611 1784 defuncti
2686 1715 2773 1783 ad
2815 1715 3161 1783 hodiernae
3210 1724 3357 1783 sunt

705 1824 886 1910 pacis
964 1821 1271 1888 laetitiam
1342 1823 1676 1890 reservati!
1780 1821 2041 1900 Quanto
2116 1844 2271 1890 vero
2333 1822 2670 1905 beatiores,
2732 1825 2843 1911 qui
2905 1845 2981 1890 ea
3051 1823 3357 1892 bonorum

703 1950 965 2008 summa,
1032 1951 1223 2015 quam
1293 1927 1452 1995 haec
1513 1929 1658 2017 ipsa
1719 1928 2072 1996 confecerit
2139 1952 2285 2018 pair,
2354 1929 2781 2017 perfruentur!
2870 1929 3002 1998 Sed
3061 1933 3357 2018 quoniam

702 2036 810 2105 hic
852 2035 1196 2105 hodiernus
1241 2033 1382 2102 dies
1431 2043 1498 2102 et
1539 2036 1944 2103 imminentes
2010 2036 2405 2104 calamitates
2469 2035 2718 2125 depulit
2783 2044 2851 2105 et
2917 2035 3002 2104 ad
3049 2039 3352 2127 optimam

682 2166 819 2214 nos
862 2145 931 2211 in
977 2150 1304 2231 posterum
1350 2164 1542 2231 spem,
1575 2143 1794 2226 erexit,
1861 2143 2005 2211 Deo
2050 2145 2293 2233 optimo
2361 2144 2636 2211 maximo
2705 2146 2995 2233 primum,
3062 2168 3103 2211 a
3173 2148 3353 2234 cujus

702 2260 803 2321 est
847 2251 1103 2319 numine
1149 2272 1226 2317 ac
1271 2249 1664 2338 benignitate
1731 2274 1859 2339 pax
1929 2251 2237 2340 profecta,
2299 2250 2532 2319 deinde
2588 2253 2850 2319 summis
2923 2253 3017 2319 rei
3061 2249 3354 2340 publicae

703 2357 1121 2450 principibus,
1191 2360 1303 2446 qui
1349 2380 1386 2425 e
1432 2358 1614 2425 coelo
1660 2357 1960 2446 precibus
2007 2365 2341 2427 evocatam
2402 2381 2481 2427 ac
2524 2360 2658 2426 suis
2703 2368 3075 2449 conceptam
3123 2358 3354 2427 divini-

700 2477 806 2536 tus
852 2467 1078 2535 animis
1132 2472 1268 2532 tam
1311 2463 1662 2533 liberaliter
1722 2487 1869 2532 cum
1915 2466 2147 2534 ceteris
2192 2468 2757 2549 communicarunt,
2823 2488 2916 2545 ea,
2980 2489 3171 2554 quam
3217 2490 3352 2535 ora-

701 2577 875 2643 tione
920 2573 1229 2660 consequi
1273 2593 1612 2660 possumus
1656 2573 1825 2660 grati
1868 2573 2065 2639 animi
2110 2573 2369 2661 pietate,
2435 2580 2584 2641 sunt
2648 2573 2891 2661 gratiae
2936 2572 3121 2642 nobis
3165 2597 3351 2664 agen·

699 2681 840 2751 dae.
930 2680 1380 2771 Agnoscimus,
1443 2677 1489 2744 J
1489 2701 1602 2745 esu
1669 2677 1946 2762 Christe,
2014 2680 2244 2746 summi
2304 2681 2503 2769 patris
2549 2680 2656 2760 fili,
2720 2688 2893 2747 tuam
2936 2681 3005 2746 in
3051 2683 3348 2771 populum

702 2799 882 2859 tuum
945 2789 1348 2858 clementiam
1413 2796 1480 2855 et
1542 2785 1898 2855 adoramus.
2006 2791 2102 2854 Tu
2165 2790 2423 2876 proprio
2482 2789 2756 2877 primum
2802 2795 2961 2854 nutu
3004 2796 3197 2876 atque
3239 2791 3349 2856 im·

698 2920 921 2965 mensa
987 2895 1218 2965 ductus
1282 2894 1693 2982 benignitate,
1764 2894 1968 2961 almae
2029 2893 2263 2962 deinde
2321 2903 2472 2962 tuae
2517 2896 2799 2984 parentis
2844 2895 3346 2985 reliquorumque

704 3005 1003 3073 coelitum
1048 2999 1604 3091 deprecationibus
1673 3009 1970 3069 exoratus
2038 3002 2106 3067 in
2177 2999 2574 3069 difficillimis
2641 3010 2835 3089 atque
2889 3004 3343 3091 angustissimis

698 3109 1089 3200 temporibus
1138 3117 1384 3198 pestem
1429 3130 1470 3174 a
1514 3106 1698 3176 nobis
1743 3129 1823 3175 ac
1867 3108 2215 3196 perniciem
2279 3106 2598 3196 depulisti.
2690 3107 2792 3173 Tu
2859 3109 3039 3175 saevi
3104 3117 3172 3175 et
3238 3111 3342 3176 im·

698 3220 905 3284 manis
962 3217 1168 3284 hostis
1215 3237 1518 3284 accensas
1561 3216 1632 3282 in
1677 3215 1829 3282 fana
1895 3222 2007 3282 tua
2074 3236 2151 3283 ac
2195 3222 2370 3283 tecta
2433 3222 2651 3283 nostra
2717 3214 2893 3283 faces
2962 3216 3340 3295 exstinxisti3

696 3333 846 3394 tuae
890 3323 1170 3411 denique
1216 3324 1449 3390 mentis
1496 3323 1805 3391 serenitas
1852 3322 2136 3390 diuturni
2180 3324 2408 3389 erroris
2455 3324 2667 3389 'nostri
2711 3322 3044 3409 caliginem
3087 3322 3341 3411 dispulit

695 3454 772 3499 ac
817 3429 1176 3519 dissipavit.

915 3536 1066 3607 Tibi
1129 3559 1306 3621 vero,
1394 3536 1709 3614 Clemens,
1787 3536 2081 3625 pontifex
2145 3537 2440 3619 maxime,
2513 3558 2674 3624 quas
2749 3536 3047 3605 universa
3114 3537 3336 3605 Christi

693 3643 1074 3734 respublica,
1136 3644 1285 3713 fidei
1329 3667 1405 3712 ac
1473 3645 1696 3733 pietati
1741 3652 1890 3712 tuae
1934 3643 2181 3713 credita
2251 3666 2328 3711 ac
2392 3645 2748 3722 commissa,
2793 3645 3030 3732 gratias
3095 3644 3331 3719 habeat,

693 3755 878 3842 cujus
922 3775 1175 3842 semper
1219 3753 1466 3818 animus
1513 3752 1692 3839 pacis
1738 3750 1955 3819 studio
2001 3759 2192 3838 atque
2237 3772 2450 3818 amore
2496 3750 2808 3838 flagravit,
2865 3751 2994 3837 qui,
3039 3748 3195 3817 dum
3244 3770 3333 3840 per

693 3862 1001 3927 maximas
1044 3880 1259 3926 rerum
1327 3880 1404 3925 ac
1458 3865 1818 3946 temporum
1886 3856 2302 3926 difficultates
2370 3866 2580 3926 mente
2642 3857 2891 3944 fideque
2958 3857 3204 3944 optima
3264 3853 3331 3923 ad

694 3986 921 4055 pacem
964 3962 1317 4045 contendis,
1377 3965 1576 4031 vitam
1621 3971 1799 4030 tuam
1844 3962 2184 4033 devoveris
2248 3971 2444 4052 atque
2511 3965 2578 4031 in
2645 3964 2999 4032 certissima
3066 3962 3329 4052 pericula

694 4080 891 4161 caput
967 4071 1332 4158 conjeceris.
1433 4069 1576 4137 Tua
1647 4078 1822 4162 certe
1895 4092 2011 4137 nos
2076 4068 2434 4160 prudentia,
2501 4077 2684 4137 tuum
2750 4071 2936 4137 istius
3003 4070 3336 4138 altissimae

691 4180 923 4246 mentis
969 4178 1321 4260 consilium,
1388 4183 1502 4244 tua
1545 4178 1898 4245 animorum
1945 4176 2534 4266 pertractandorum
2579 4178 2833 4266 peritia,
2895 4184 3005 4244 tua
3071 4175 3324 4263 denique

692 4285 1036 4354 tolerantia
1080 4307 1157 4353 ac
1203 4285 1510 4374 patientia
1553 4283 1902 4352 hodiernae
1948 4306 2063 4352 nos
2123 4285 2302 4372 pacis
2348 4293 2677 4373 compotes
2723 4284 2898 4352 fecit.
2989 4283 3324 4353 Valuerunt

688 4394 836 4461 illae
880 4394 1192 4481 repetitae
1236 4394 1429 4460 toties
1477 4392 1979 4481 supplicationes
2024 4400 2192 4474 tuae,
2255 4399 2408 4459 vota
2454 4400 2769 4481 concepta
2840 4411 2918 4458 ac
2963 4395 3322 4481 nuncupat&

690 4508 866 4568 caste
912 4521 989 4568 ac
1032 4501 1140 4588 pie
1184 4507 1521 4588 susceptae
1590 4501 2009 4588 precationes,
2079 4498 2319 4566 effusae
2381 4500 2595 4580 toties,
2656 4519 2922 4585 quarum
2988 4499 3150 4565 istae
3204 4512 3319 4564 arae

689 4630 766 4674 ac
813 4608 1197 4675 sanctissimi
1241 4606 1375 4673 foci
1419 4614 1615 4674 testes
1663 4615 1834 4690 suut,
1879 4607 2056 4695 pacis
2101 4604 2420 4674 desiderio
2457 4605 2753 4672 lacrimae
2796 4600 3149 4672 valuerunt.

900 4713 1106 4781 Tuam
1154 4735 1326 4794 vero,
1385 4734 1623 4795 caesar,
1668 4715 2016 4801 imperator
2060 4714 2340 4780 omnium
2388 4713 2628 4800 optime
2672 4719 2863 4798 atque
2909 4711 3312 4784 invictissime,

687 4820 971 4907 magisne
998 4821 1194 4887 animi
1219 4818 1738 4908 magnitudinem,
1782 4818 2136 4887 bonitatem
2181 4842 2257 4887 ac
2288 4817 2848 4886 mansuetudinem
2882 4816 3309 4906 praedicemus,
