3525 5525
1481 464 1693 566 2'3,

412 668 503 736 Ut
547 665 762 737 autem
806 655 966 738 haec
1035 674 1249 739 omnia
1293 671 1665 759 diligentius
1712 679 1779 737 et
1823 672 2023 739 tutius
2069 673 2282 741 facere
2327 676 2588 762 possim,
2654 667 2845 765 cupio

175 776 405 842 etiam
432 797 578 842 cum
624 778 899 844 maxima
945 782 1129 867 regni
1175 781 1303 846 mei
1348 787 1414 847 et
1458 800 1649 868 opum
1697 780 1943 866 jactura
1986 801 2212 866 pacem
2257 801 2405 845 cum
2452 779 2845 870 principibus

160 881 556 949 christianis
631 905 1014 972 componere
1080 894 1271 973 atque
1338 888 1602 952 firmare.
1693 884 2025 974 Speroque
2092 909 2235 953 meo
2299 884 2518 954 labore
2585 910 2845 976 magnas

172 990 660 1056 controversias
726 990 1024 1058 dirimere
1092 1000 1158 1059 et
1219 999 1420 1059 totam
1468 991 1724 1059 Italiam
1769 992 2042 1057 miseriis
2089 1013 2166 1060 ac
2210 1000 2385 1059 metu
2428 991 2715 1072 liberare,
2790 998 2849 1063 si

171 1116 322 1181 qua
363 1094 691 1161 hominum
737 1098 1058 1185 aequitate
1102 1120 1205 1165 res
1252 1098 1336 1167 ad
1381 1100 1581 1166 otium
1611 1097 1848 1166 deduci
1877 1100 2131 1187 poterit.
2221 1099 2466 1167 Verum
2494 1102 2661 1167 enim
2694 1124 2847 1169 vero

174 1222 375 1287 spem
421 1200 631 1268 habeo
676 1205 1036 1284 maximam,
1105 1227 1209 1271 me
1253 1205 1410 1271 haec
1457 1208 1667 1272 omnia
1728 1206 1969 1292 ingenii
2031 1207 2158 1272 mei
2201 1206 2509 1274 facilitate
2555 1215 2848 1296 peractu-

170 1329 349 1374 rum.
439 1307 873 1385 Quamobrem
926 1307 1100 1376 haud
1164 1310 1411 1393 dubito,
1459 1312 1613 1398 quin
1682 1310 1865 1378 Deus
1928 1333 2083 1379 suae
2151 1312 2473 1400 religionis
2549 1315 2848 1383 misertus

173 1412 315 1480 hac
360 1436 502 1481 mea
545 1416 613 1480 in
658 1414 911 1482 Italiam
957 1416 1354 1506 profectione
1413 1415 1594 1499 illud,
1666 1415 1841 1505 quod
1886 1416 2043 1483 mihi
2088 1420 2363 1486 maxime
2410 1427 2511 1485 est
2553 1421 2622 1486 in
2667 1430 2849 1511 opta-

173 1522 295 1603 tis,
346 1542 475 1587 non
521 1521 726 1588 solum
773 1531 1074 1611 praestet,
1142 1532 1214 1590 ut
1258 1545 1384 1612 pax
1444 1526 1613 1591 inter
1681 1525 2013 1591 universos
2077 1524 2457 1593 christianae
2523 1528 2849 1616 religionis

173 1650 375 1716 reges
422 1637 616 1717 atque
662 1631 984 1718 principes
1028 1632 1299 1710 ineatur,
1372 1654 1611 1712 verum,
1681 1640 1753 1698 ut
1798 1654 1901 1697 me
1946 1632 2090 1719 ipso
2136 1640 2396 1700 auctore
2463 1638 2849 1703 consociatis

178 1738 479 1802 omnium
549 1737 740 1803 armis
825 1739 891 1803 in
960 1740 1200 1805 Turcas
1272 1740 1762 1815 transmittatur,
1836 1760 1962 1825 quo
2032 1747 2099 1806 et
2152 1741 2421 1828 pristina
2464 1740 2850 1809 christianae

176 1843 522 1931 religionis
567 1845 708 1931 jura
752 1853 1207 1933 recuperentur
1252 1854 1320 1912 et
1381 1846 1494 1913 illa
1539 1869 1654 1934 pro
1701 1844 1944 1912 viribus
1993 1847 2186 1913 etiam
2231 1855 2422 1935 atque
2469 1850 2658 1916 etiam
2706 1873 2851 1938 pro-

178 1958 480 2038 pagetur.

407 2057 627 2137 Quare
674 2082 792 2127 vos
840 2060 1078 2141 hortor,
1123 2061 1246 2128 viri
1291 2062 1536 2148 optimi,
1581 2083 1662 2127 ne
1709 2082 1921 2127 meum
1968 2061 2140 2128 hunc
2186 2082 2224 2126 a
2261 2061 2446 2129 vobis
2491 2061 2848 2133 discessum

178 2187 380 2252 aegre
449 2165 690 2248 feratis,
780 2167 1130 2254 quinimmo
1189 2189 1398 2234 meam
1444 2165 1631 2235 vobis
1701 2175 1849 2234 ante
1918 2168 2137 2234 oculos
2214 2169 2512 2236 virtutem
2582 2169 2852 2260 diligen-

179 2275 478 2360 tiamque
524 2276 914 2362 proponatis,
959 2274 1204 2342 factum
1250 2276 1485 2341 totiens
1517 2297 1661 2341 cum
1702 2274 1996 2342 hostibus
2041 2278 2502 2365 potentissimis
2540 2286 2605 2344 et
2647 2279 2854 2348 invic-

180 2383 461 2449 tissimis
508 2383 876 2470 periculum,
942 2405 1100 2469 quos
1147 2391 1420 2451 armatos
1467 2385 1701 2450 totiens
1748 2386 2064 2471 superavi.
2154 2384 2467 2470 Magnum
2511 2384 2690 2465 mihi,
2757 2389 2850 2454 uti

179 2489 506 2557 hactenus
551 2489 696 2571 fuit,
740 2513 782 2556 a
826 2490 969 2557 Deo
1015 2513 1202 2579 spero
1250 2488 1653 2579 praesidium,
1709 2512 1940 2578 magna
1983 2492 2084 2558 vis
2131 2499 2229 2557 est
2274 2492 2721 2573 conscientiae,
2788 2500 2852 2559 et

180 2597 389 2663 etiam
436 2597 504 2661 in
551 2595 733 2664 nobis
794 2598 851 2662 is
898 2599 1144 2663 animus
1191 2603 1310 2677 est,
1355 2605 1429 2664 ut
1499 2619 1627 2663 non
1691 2595 1883 2663 modo
1947 2598 2241 2664 inimicos
2311 2619 2438 2663 non
2497 2598 2852 2680 timeamus,

181 2703 308 2772 sed
379 2705 611 2792 impios
680 2703 845 2771 ultro
908 2704 1314 2772 lacessamus.
1404 2703 1622 2784 Quare
1693 2701 1858 2770 illud
1925 2704 2266 2791 perficiam,
2329 2704 2574 2793 opinor,
2643 2712 2713 2771 ut
2755 2727 2855 2784 ea,

181 2834 360 2898 quae
403 2814 592 2898 gessi,
650 2820 832 2879 tuear
874 2820 1065 2899 atque
1111 2832 1331 2876 ornem
1377 2817 1461 2892 et,
1530 2811 1587 2876 si
1632 2832 1758 2897 qua
1804 2818 1906 2876 est
1968 2808 2213 2877 invidia
2275 2812 2343 2875 in
2406 2810 2853 2879 conservando

182 2939 392 3005 regno
438 2940 579 2984 meo
634 2924 701 2983 et
744 2915 1211 3005 amplificando,
1277 2923 1580 3005 suscepta
1624 2914 1837 2982 laedat
1879 2914 2154 2994 invidos,
2224 2915 2383 2982 mihi
2445 2939 2600 2986 vero
2661 2917 2855 3006 pluri·

184 3047 369 3090 mum
420 3025 626 3111 prosit
671 3022 757 3090 ad
798 3025 1064 3112 gloriam
1111 3024 1578 3112 sempiternam.
1670 3023 1812 3091 Vos
1856 3024 2068 3112 igitur,
2113 3025 2237 3091 viri
2282 3023 2577 3113 Hispani,
2622 3023 2705 3091 de
2753 3046 2854 3091 me

183 3132 425 3198 timere
469 3130 746 3199 desinite
791 3137 859 3198 et
903 3139 1119 3199 vestra
1167 3132 1492 3198 unanimes
1556 3151 1810 3197 mecum
1855 3128 2203 3197 defendite.
2295 3130 2465 3197 Nam
2513 3139 2585 3197 ut
2629 3153 2856 3219 perpe·

184 3246 303 3306 tuo
351 3241 424 3305 in
471 3260 630 3326 pace
676 3259 820 3304 esse
893 3238 1173 3325 possitis,
1238 3259 1429 3324 quam
1496 3235 1984 3324 diligentissime
2052 3235 2407 3323 providebo
2472 3234 2855 3324 curaboque,

187 3355 263 3413 ut
310 3347 506 3434 longe
550 3347 799 3432 lateque
846 3345 1183 3433 imperium
1230 3350 1514 3411 nostrum
1559 3366 1706 3411 cum
1772 3366 2018 3410 summa
2063 3344 2267 3410 nostri
2339 3344 2611 3410 nominis
2655 3344 2859 3431 gloria

186 3460 522 3542 augeatur.
614 3452 702 3519 Et
746 3453 939 3518 sicuti
985 3474 1065 3518 ex
1110 3450 1402 3518 discessu
1460 3473 1603 3517 meo
1651 3459 1931 3518 maestos
1978 3459 2045 3517 et
2087 3452 2302 3517 tristes
2349 3472 2467 3517 vos
2516 3471 2658 3516 esse
2706 3471 2858 3516 con-

186 3542 425 3648 s‘pici0,
467 3557 812 3648 ita‘sspem,
857 3559 1211 3644 composita
1257 3559 1424 3624 inter
1451 3557 1833 3625 christianos
1879 3579 2101 3624 omnes
2148 3578 2308 3644 pace
2354 3565 2547 3644 atque
2592 3578 2856 3623 concor-

187 3665 303 3735 dia
350 3688 430 3733 ac
475 3664 812 3734 debellatis
856 3666 1069 3753 impiis
1099 3665 1449 3731 Turcarum
1481 3666 1684 3753 copiis
1728 3673 1900 3732 terra
1931 3665 2213 3751 marique
2258 3685 2361 3730 me
2394 3664 2668 3729 maxima
2712 3684 2857 3729 cum

187 3772 447 3842 laetitia
494 3781 562 3841 et
606 3772 1033 3840 exsultatione
1079 3771 1574 3859 triumphantem
1621 3772 1971 3859 accipietis.
