3525 5525
1494 481 1575 544 19

198 693 275 735 an
326 693 484 736 vero
534 671 837 759 pietatem
883 668 1267 737 admiremur
1282 672 1314 735 ‘2
1402 669 1505 735 Tu
1550 668 1808 756 quidem
1882 690 2265 757 propensam
2326 690 2577 755 semper
2620 667 2704 734 ad
2751 690 2861 755 pa-

198 797 334 841 cem
385 786 457 845 et
500 776 910 844 concordiam
954 775 1347 842 voluntatem
1409 797 1563 862 prae
1629 783 1697 841 te
1741 775 1961 841 tulisti.
2048 775 2228 841 Tuus
2277 796 2430 841 vero
2474 776 2598 839 iste
2643 774 2859 859 magni

201 891 266 949 et
311 884 559 951 excelsi
602 883 798 949 animi
843 882 1029 969 vigor
1071 879 1638 948 turbulentissimis
1683 879 2077 969 temporibus
2126 879 2301 960 nulli,
2348 901 2556 967 neque
2601 877 2861 956 homini,

195 1010 405 1077 neque
450 990 647 1057 animi
691 986 1176 1079 perturbationi,
1252 1008 1456 1074 neque
1501 987 1795 1053 fortunae
1854 985 2209 1054 succubuit.
2301 987 2403 1052 Ac
2450 1008 2597 1052 cum
2642 984 2861 1064 multa,

199 1095 599 1181 gravissimis
644 1095 1004 1182 potentium
1049 1094 1448 1159 inimicorum
1492 1093 1739 1179 injuriis
1773 1091 2128 1173 lacessitus,
2170 1094 2344 1180 justa
2389 1113 2466 1158 ac
2503 1091 2862 1157 necessaria

197 1202 393 1268 etiam
439 1201 610 1270 bella
654 1199 1017 1288 susceperis
1089 1206 1157 1265 et
1200 1221 1448 1265 summa
1520 1198 1847 1265 celeritate
1908 1198 2283 1279 confeceris,
2350 1220 2476 1275 eas,
2540 1220 2696 1284 quas
2740 1194 2862 1263 tibi

201 1307 443 1374 victrix
486 1328 687 1396 prope
731 1307 878 1395 ipsa
926 1307 1161 1374 veritas
1230 1311 1298 1373 et
1360 1327 1506 1373 caue
1515 1326 1590 1371 ae
1658 1313 1808 1372 tuae
1872 1306 2158 1392 aequitas
2202 1304 2490 1372 detulere
2536 1304 2860 1384 victorias,

199 1435 363 1501 quae
411 1415 551 1481 sine
594 1436 823 1502 magna
891 1412 1221 1480 christiani
1285 1412 1508 1502 populi
1567 1413 1814 1500 jactura
1874 1413 2242 1499 contingere
2305 1432 2436 1477 non
2500 1418 2861 1498 potuerunt,

199 1520 419 1587 tristes
496 1542 574 1587 ac
634 1520 959 1587 luctuosas
1028 1520 1289 1608 putasti,
1357 1540 1562 1606 neque
1604 1519 1676 1586 id
1742 1520 1926 1586 vultu
1989 1527 2237 1586 tantum
2299 1539 2376 1585 ac
2442 1516 2678 1599 verbis,
2744 1516 2862 1584 sed

199 1626 481 1693 lacrimis
528 1628 723 1694 etiam
786 1649 855 1693 es
902 1634 968 1694 et
1035 1625 1324 1693 obsoleto
1385 1627 1631 1693 vestitu
1674 1628 2066 1694 testificatus.
2158 1625 2259 1691 Tu
2328 1625 2603 1692 maxima
2648 1644 2863 1710 regna,

203 1741 270 1800 tu
320 1733 525 1801 vitam
568 1735 775 1822 ipsam
820 1734 902 1799 iis
947 1730 1329 1814 hominibus,
1396 1754 1557 1820 quos
1601 1739 1751 1799 tuae
1798 1734 2102 1819 potestati
2168 1732 2439 1800 victoria
2484 1728 2862 1817 subjecerat,

203 1838 603 1922 condonasti,
671 1849 861 1927 atque
908 1861 1125 1906 eorum
1173 1841 1554 1907 existimasti
1609 1838 1925 1907 bellorum
1993 1837 2398 1926 bellandique
2445 1834 2859 1925 cupiditatem

205 1968 332 2013 non
379 1949 575 2013 armis
621 1956 688 2014 et
729 1946 1001 2034 imperio
1046 1944 1609 2033 comprimendam,
1653 1944 1770 2014 sed
1814 1944 2195 2013 liberalitate
2240 1953 2308 2011 et
2335 1944 2532 2011 animi
2574 1942 2862 2010 modera-

128 2091 134 2097 ·
200 2055 375 2120 tione
423 2053 957 2142 restinguendam.
1055 2051 1185 2120 Ubi
1231 2074 1384 2119 vero
1430 2054 1636 2140 prima
1679 2054 1859 2140 pacis
1906 2053 2167 2118 emicuit
2198 2074 2378 2138 spes,
2422 2052 2558 2139 ejus
2603 2059 2677 2116 tu
2722 2050 2861 2137 spei

207 2161 389 2245 quasi
435 2159 777 2226 scintillam
854 2180 982 2225 non
1029 2157 1452 2246 legationibus
1498 2165 1747 2225 tantum
1817 2166 1883 2224 et
1951 2156 2518 2237 cohortationibus,
2585 2155 2701 2222 sed
2767 2157 2864 2222 tui

208 2267 401 2333 etiam
446 2264 767 2334 adventus
813 2266 1144 2333 celeritate
1207 2265 1629 2332 inflammasti.
1722 2267 1940 2353 Atque
2007 2265 2167 2333 haec
2222 2263 2478 2352 quidem
2523 2264 2862 2330 inusitatae

208 2394 284 2438 ac
337 2369 636 2441 omnibus
709 2370 984 2439 saeculis
1064 2370 1394 2438 inauditae
1468 2369 1923 2460 magnitudinis
1989 2380 2057 2438 et
2125 2371 2410 2440 lenitatis
2482 2369 2863 2437 documenta

212 2478 492 2546 fuerunt.
583 2476 694 2546 Ad
738 2487 887 2545 tuae
931 2499 1088 2546 vero
1134 2478 1393 2566 pietatis
1440 2476 1694 2544 laudem
1740 2480 1884 2566 quis
1925 2480 2056 2566 jam
2102 2486 2318 2566 potest
2346 2477 2635 2544 cumulus
2657 2517 2660 2520 -
2681 2498 2864 2543 acce-

208 2583 356 2651 dere
370 2588 406 2651 ?
493 2584 594 2651 Tu
669 2607 815 2653 cum
883 2606 1084 2653 ovans
1127 2586 1197 2650 in
1269 2583 1436 2651 hane
1515 2584 2026 2651 florentissimam
2101 2582 2322 2651 urbem
2395 2606 2540 2651 cum
2620 2583 2864 2670 ingenti

216 2691 496 2759 omnium
544 2692 771 2780 plausu
830 2700 898 2759 et
941 2692 1364 2758 exsultatione
1425 2693 1752 2774 intrasses,
1825 2691 1997 2758 hunc
2059 2691 2529 2758 sanctissimum
2597 2696 2865 2779 patrem,

219 2801 325 2885 qui
371 2807 438 2864 te
505 2800 643 2886 jure
689 2821 766 2866 ac
828 2801 1056 2867 merito
1121 2798 1564 2867 ardentissime
1631 2808 1822 2880 amat,
1890 2798 1976 2865 ad
2042 2800 2177 2886 ejus
2243 2797 2440 2886 pedes
2509 2802 2862 2885 prostratus

209 2906 504 2974 adorasti.
596 2900 842 2973 Christi
885 2907 1168 2994 legatum
1234 2928 1311 2975 ac
1383 2914 1563 2973 tuum
1628 2927 1703 2972 ac
1748 2908 1951 2973 totius
2018 2908 2112 2973 rei
2173 2904 2468 2994 publicae
2536 2910 2861 2991 parentem

211 3014 592 3100 gravissima
659 3021 726 3080 et
790 3015 1144 3102 majestatis
1212 3013 1584 3102 plenissima
1651 3015 1936 3080 oratione
1992 3013 2313 3101 agnovisti
2378 3034 2456 3078 ac
2501 3008 2735 3077 deinde
2780 3008 2863 3076 ad

215 3142 356 3186 eum
424 3119 782 3188 ornandum
828 3127 894 3186 et
935 3118 1398 3186 honestandum
1445 3141 1573 3186 non
1618 3120 2012 3186 voluntatem
2059 3119 2283 3200 solum,
2328 3117 2447 3184 sed
2480 3126 2623 3184 tuas
2670 3117 2864 3183 etiam

214 3249 369 3315 opes
418 3226 768 3306 contulisti,
836 3248 933 3308 ac,
1001 3233 1075 3291 ut
1119 3227 1403 3293 universi
1470 3224 1778 3293 hodierna
1847 3246 2005 3312 pace
2071 3225 2445 3306 frueremur,
2512 3224 2596 3292 ad
2660 3224 2864 3311 ipsius

215 3332 428 3400 studia
474 3341 542 3399 et
584 3333 989 3399 autoritatem
1036 3353 1271 3414 curam,
1316 3332 1585 3419 vigilias,
1652 3330 1958 3412 laborem,
2026 3334 2307 3398 omnium
2352 3331 2627 3418 denique
2672 3331 2865 3397 animi

211 3440 687 3507 contentionem
733 3437 1098 3526 adjunxisti.
1190 3438 1460 3526 Magnas
1505 3446 1575 3505 tu
1623 3438 1900 3526 quidem,
1957 3461 2194 3517 caesar,
2238 3446 2385 3505 ante
2442 3437 2568 3505 hoc
2610 3446 2864 3524 tempus

211 3569 278 3613 es
324 3545 600 3635 adeptus
631 3546 951 3622 victorias,
997 3545 1268 3632 majores
1315 3553 1383 3611 et
1427 3546 1726 3612 clariores
1772 3568 1850 3612 ac
1895 3544 2018 3613 tibi
2064 3547 2253 3611 etiam
2296 3546 2424 3633 ipsi
2453 3542 2864 3630 optabiliores

211 3676 249 3720 a
292 3652 442 3719 Deo
512 3653 858 3740 promissas
926 3673 1004 3718 ac
1064 3660 1314 3740 paratas
1381 3651 1812 3739 intelligimus,
1878 3673 1954 3718 ac
2022 3650 2330 3739 vigebunt
2394 3649 2543 3717 illae
2607 3641 2865 3737 quidem

209 3760 550 3826 multorum
594 3757 995 3825 saeculorum
1042 3760 1361 3840 memoria,
1406 3757 1523 3825 sed
1567 3757 1723 3824 mihi
1768 3756 1977 3839 crede,
2021 3756 2545 3837 mansuetudinis,
2588 3757 2867 3824 clemen-

209 3867 357 3949 tiae,
423 3866 706 3953 pietatis,
766 3866 1111 3952 aequitatis
1157 3874 1304 3932 tuae
1349 3865 1586 3931 famam
1634 3865 1720 3932 ad
1764 3865 2222 3945 aeternitatem,
2290 3870 2594 3953 quantum
2660 3864 2730 3930 in
2798 3885 2867 3930 se

208 3972 421 4055 fuerit,
498 3973 706 4039 omnis
779 3973 1121 4061 posteritas
1190 3971 1585 4061 propagabit.
1681 3970 1939 4051 Quodsi
1996 3971 2195 4060 (quod
2248 3972 2533 4038 futurum
2608 3971 2868 4036 minime

209 4078 602 4160 dubitamus)
646 4077 733 4146 ad
777 4101 1002 4167 pacem
1050 4078 1370 4158 tuendam,
1435 4078 1961 4161 conservandam,
2026 4101 2125 4145 am
2133 4076 2535 4168 plificandam
2600 4076 2870 4145 consilia

211 4208 493 4274 opesque
538 4193 689 4253 tuae
756 4207 902 4253 cum
961 4187 1192 4252 summi
1255 4187 1574 4274 pontificis
1642 4186 1984 4252 autoritate
2048 4194 2116 4251 et
2176 4183 2490 4272 dignitate
2560 4191 2868 4271 perpetuo

217 4293 680 4375 consenserint,
746 4292 938 4360 facile
981 4292 1267 4380 judicare
1311 4300 1515 4380 potes,
1587 4301 1889 4380 quantam
1962 4293 2051 4358 sis
2120 4313 2200 4357 ex
2268 4297 2645 4358 conservata
2710 4311 2870 4377 pace

214 4399 476 4486 gloriam
523 4407 1004 4479 consecuturus,
1050 4400 1160 4466 cui
1204 4408 1382 4466 tanta
1424 4397 1617 4466 hodie
1664 4423 1744 4466 ex
1793 4407 1990 4487 parta,
2036 4405 2341 4486 quantum
2388 4404 2761 4485 exspectare
2806 4402 2871 4462 et

214 4507 511 4594 excipere
556 4507 846 4594 potuisti,
892 4504 974 4573 ab
1019 4508 1318 4573 universa
1361 4504 1690 4594 republica
1734 4506 1909 4573 facta
1953 4507 2042 4572 sit
2084 4505 2439 4593 gratulatio.

852 4629 1206 4694 HABITA
1254 4627 1735 4696 BONONIAE
1782 4628 2241 4696 CALENDIS

1046 4735 1489 4803 JANUARII
1535 4735 1625 4800 M.
1671 4737 1754 4801 D.
1802 4736 2031 4801 XXX.
