<?xml version="1.0" encoding="UTF-8"?>
<!DOCTYPE html PUBLIC "-//W3C//DTD XHTML 1.0 Transitional//EN"
    "http://www.w3.org/TR/xhtml1/DTD/xhtml1-transitional.dtd">
<html xmlns="http://www.w3.org/1999/xhtml" xml:lang="en" lang="en">
 <head>
  <title>
</title>
<meta http-equiv="Content-Type" content="text/html;charset=utf-8" />
  <meta name='ocr-system' content='tesseract 3.04.00' />
  <meta name='ocr-capabilities' content='ocr_page ocr_carea ocr_par ocr_line ocrx_word'/>
</head>
<body>
  <div class='ocr_page' id='page_1' title='image "./romuliamaseidep00carlgoog_0037.png"; bbox 0 0 3525 5525; ppageno 0'>
   <div class='ocr_carea' id='block_1_1' title="bbox 1482 467 1566 531">
    <p class='ocr_par' dir='ltr' id='par_1_1' title="bbox 1482 467 1566 531">
     <span class='ocr_line' id='line_1_1' title="bbox 1482 467 1566 531; baseline 0 0"><span class='ocrx_word' id='word_1_1' title='bbox 1482 467 1566 531; x_wconf 89' lang='grc'><strong>21</strong></span> 
     </span>
    </p>
   </div>
   <div class='ocr_carea' id='block_1_2' title="bbox 1318 555 1727 568">
    <p class='ocr_par' dir='ltr' id='par_1_2' title="bbox 1318 555 1727 568">
     <span class='ocr_line' id='line_1_2' title="bbox 1318 555 1727 568; baseline 0 0"><span class='ocrx_word' id='word_1_2' title='bbox 1318 555 1727 568; x_wconf 95' lang='lat' dir='ltr'><strong> </strong></span> 
     </span>
    </p>
   </div>
   <div class='ocr_carea' id='block_1_3' title="bbox 181 653 2908 4892">
    <p class='ocr_par' dir='ltr' id='par_1_3' title="bbox 181 653 2863 3380">
     <span class='ocr_line' id='line_1_3' title="bbox 185 653 2852 743; baseline 0.001 -25"><span class='ocrx_word' id='word_1_3' title='bbox 185 655 440 741; x_wconf 87' lang='lat' dir='ltr'><strong>optime</strong></span> <span class='ocrx_word' id='word_1_4' title='bbox 486 654 785 743; x_wconf 78' lang='lat' dir='ltr'><strong>providi),</strong></span> <span class='ocrx_word' id='word_1_5' title='bbox 830 675 910 719; x_wconf 93' lang='lat' dir='ltr'><strong>ne</strong></span> <span class='ocrx_word' id='word_1_6' title='bbox 955 656 1113 741; x_wconf 89' lang='lat' dir='ltr'><strong>quid</strong></span> <span class='ocrx_word' id='word_1_7' title='bbox 1155 653 1525 723; x_wconf 86' lang='lat' dir='ltr'><strong>detrimenti</strong></span> <span class='ocrx_word' id='word_1_8' title='bbox 1561 679 1665 722; x_wconf 92' lang='lat' dir='ltr'><strong>me</strong></span> <span class='ocrx_word' id='word_1_9' title='bbox 1705 654 1972 723; x_wconf 85' lang='lat' dir='ltr'><strong>absente</strong></span> <span class='ocrx_word' id='word_1_10' title='bbox 2003 656 2352 743; x_wconf 84' lang='lat' dir='ltr'><strong>patiamini.</strong></span> <span class='ocrx_word' id='word_1_11' title='bbox 2443 657 2654 743; x_wconf 84' lang='lat' dir='ltr'><strong>Cupio</strong></span> <span class='ocrx_word' id='word_1_12' title='bbox 2686 659 2852 723; x_wconf 91' lang='lat' dir='ltr'><strong>enim</strong></span> 
     </span>
     <span class='ocr_line' id='line_1_4' title="bbox 184 760 2853 849; baseline 0.001 -23"><span class='ocrx_word' id='word_1_13' title='bbox 184 782 304 826; x_wconf 87' lang='lat' dir='ltr'><strong>vos</strong></span> <span class='ocrx_word' id='word_1_14' title='bbox 356 770 705 849; x_wconf 86' lang='lat' dir='ltr'><strong>vestraque</strong></span> <span class='ocrx_word' id='word_1_15' title='bbox 749 764 961 829; x_wconf 88' lang='lat' dir='ltr'><strong>omnia</strong></span> <span class='ocrx_word' id='word_1_16' title='bbox 1016 783 1398 828; x_wconf 87' lang='lat' dir='ltr'><strong>conservare</strong></span> <span class='ocrx_word' id='word_1_17' title='bbox 1440 764 1721 849; x_wconf 86' lang='lat' dir='ltr'><strong>itemque</strong></span> <span class='ocrx_word' id='word_1_18' title='bbox 1768 760 2136 831; x_wconf 75' lang='lat' dir='ltr'><strong>defendere.</strong></span> <span class='ocrx_word' id='word_1_19' title='bbox 2227 766 2566 830; x_wconf 81' lang='lat' dir='ltr'><strong>Praeterea</strong></span> <span class='ocrx_word' id='word_1_20' title='bbox 2613 772 2853 829; x_wconf 90' lang='lat' dir='ltr'><strong>tantam</strong></span> 
     </span>
     <span class='ocr_line' id='line_1_5' title="bbox 181 866 2858 958; baseline 0.002 -26"><span class='ocrx_word' id='word_1_21' title='bbox 181 888 373 954; x_wconf 86' lang='lat' dir='ltr'><strong>spem</strong></span> <span class='ocrx_word' id='word_1_22' title='bbox 424 875 491 934; x_wconf 91' lang='lat' dir='ltr'><strong>et</strong></span> <span class='ocrx_word' id='word_1_23' title='bbox 534 866 829 935; x_wconf 91' lang='lat' dir='ltr'><strong>fiduciam</strong></span> <span class='ocrx_word' id='word_1_24' title='bbox 897 870 966 934; x_wconf 93' lang='lat' dir='ltr'><strong>in</strong></span> <span class='ocrx_word' id='word_1_25' title='bbox 1032 878 1247 935; x_wconf 86' lang='lat' dir='ltr'><strong>vestra</strong></span> <span class='ocrx_word' id='word_1_26' title='bbox 1313 871 1625 935; x_wconf 88' lang='lat' dir='ltr'><strong>omnium·</strong></span> <span class='ocrx_word' id='word_1_27' title='bbox 1662 868 1792 935; x_wconf 84' lang='lat' dir='ltr'><strong>fide</strong></span> <span class='ocrx_word' id='word_1_28' title='bbox 1855 870 2212 956; x_wconf 87' lang='lat' dir='ltr'><strong>vestrisque</strong></span> <span class='ocrx_word' id='word_1_29' title='bbox 2282 872 2475 937; x_wconf 89' lang='lat' dir='ltr'><strong>armis</strong></span> <span class='ocrx_word' id='word_1_30' title='bbox 2537 871 2721 958; x_wconf 89' lang='lat' dir='ltr'><strong>posui</strong></span> <span class='ocrx_word' id='word_1_31' title='bbox 2791 879 2858 937; x_wconf 89' lang='lat' dir='ltr'><strong>et</strong></span> 
     </span>
     <span class='ocr_line' id='line_1_6' title="bbox 182 972 2857 1063; baseline 0.001 -24"><span class='ocrx_word' id='word_1_32' title='bbox 182 973 526 1054; x_wconf 80' lang='lat' dir='ltr'>collocavi,</span> <span class='ocrx_word' id='word_1_33' title='bbox 591 982 666 1040; x_wconf 89' lang='lat' dir='ltr'><strong>ut</strong></span> <span class='ocrx_word' id='word_1_34' title='bbox 729 995 833 1039; x_wconf 94' lang='lat' dir='ltr'><strong>me</strong></span> <span class='ocrx_word' id='word_1_35' title='bbox 900 972 1164 1041; x_wconf 75' lang='lat' dir='ltr'><strong>absente</strong></span> <span class='ocrx_word' id='word_1_36' title='bbox 1209 973 1293 1041; x_wconf 85' lang='lat' dir='ltr'><strong>ab</strong></span> <span class='ocrx_word' id='word_1_37' title='bbox 1335 975 1611 1041; x_wconf 88' lang='lat' dir='ltr'><strong>inimicis</strong></span> <span class='ocrx_word' id='word_1_38' title='bbox 1686 973 1949 1061; x_wconf 78' lang='lat' dir='ltr'><strong>aliquod</strong></span> <span class='ocrx_word' id='word_1_39' title='bbox 2010 975 2483 1042; x_wconf 90' lang='lat' dir='ltr'><strong>incommodum</strong></span> <span class='ocrx_word' id='word_1_40' title='bbox 2547 977 2616 1042; x_wconf 90' lang='lat' dir='ltr'><strong>in</strong></span> <span class='ocrx_word' id='word_1_41' title='bbox 2662 998 2857 1063; x_wconf 88' lang='lat' dir='ltr'><strong>regno</strong></span> 
     </span>
     <span class='ocr_line' id='line_1_7' title="bbox 185 1079 2857 1161; baseline 0.002 -18"><span class='ocrx_word' id='word_1_42' title='bbox 185 1079 321 1144; x_wconf 89' lang='lat' dir='ltr'><strong>isto</strong></span> <span class='ocrx_word' id='word_1_43' title='bbox 370 1103 502 1145; x_wconf 88' lang='lat' dir='ltr'><strong>non</strong></span> <span class='ocrx_word' id='word_1_44' title='bbox 547 1081 634 1145; x_wconf 89' lang='lat' dir='ltr'><strong>sit</strong></span> <span class='ocrx_word' id='word_1_45' title='bbox 676 1079 1049 1148; x_wconf 88' lang='lat' dir='ltr'><strong>timendum.</strong></span> <span class='ocrx_word' id='word_1_46' title='bbox 1138 1081 1241 1146; x_wconf 91' lang='lat' dir='ltr'><strong>De</strong></span> <span class='ocrx_word' id='word_1_47' title='bbox 1287 1104 1390 1147; x_wconf 91' lang='lat' dir='ltr'><strong>me</strong></span> <span class='ocrx_word' id='word_1_48' title='bbox 1434 1089 1669 1161; x_wconf 79' lang='lat' dir='ltr'><strong>antem,</strong></span> <span class='ocrx_word' id='word_1_49' title='bbox 1713 1080 2002 1161; x_wconf 78' lang='lat' dir='ltr'><strong>obsecro,</strong></span> <span class='ocrx_word' id='word_1_50' title='bbox 2048 1082 2272 1147; x_wconf 86' lang='lat' dir='ltr'><strong>timere</strong></span> <span class='ocrx_word' id='word_1_51' title='bbox 2317 1081 2613 1160; x_wconf 81' lang='lat' dir='ltr'><strong>desinite,</strong></span> <span class='ocrx_word' id='word_1_52' title='bbox 2659 1084 2716 1148; x_wconf 88' lang='lat' dir='ltr'><strong>si</strong></span> <span class='ocrx_word' id='word_1_53' title='bbox 2762 1084 2857 1148; x_wconf 89' lang='lat' dir='ltr'><strong>in·</strong></span> 
     </span>
     <span class='ocr_line' id='line_1_8' title="bbox 187 1184 2854 1275; baseline 0.001 -25"><span class='ocrx_word' id='word_1_54' title='bbox 187 1185 366 1269; x_wconf 72' lang='lat' dir='ltr'><strong>juste</strong></span> <span class='ocrx_word' id='word_1_55' title='bbox 399 1186 637 1251; x_wconf 89' lang='lat' dir='ltr'><strong>nemini</strong></span> <span class='ocrx_word' id='word_1_56' title='bbox 675 1184 913 1253; x_wconf 89' lang='lat' dir='ltr'><strong>bellum</strong></span> <span class='ocrx_word' id='word_1_57' title='bbox 941 1188 1146 1267; x_wconf 86' lang='lat' dir='ltr'><strong>intuli,</strong></span> <span class='ocrx_word' id='word_1_58' title='bbox 1173 1187 1416 1253; x_wconf 90' lang='lat' dir='ltr'><strong>nullum</strong></span> <span class='ocrx_word' id='word_1_59' title='bbox 1447 1187 1689 1254; x_wconf 84' lang='lat' dir='ltr'><strong>offendi</strong></span> <span class='ocrx_word' id='word_1_60' title='bbox 1718 1197 1788 1253; x_wconf 84' lang='lat' dir='ltr'><strong>et</strong></span> <span class='ocrx_word' id='word_1_61' title='bbox 1816 1189 1944 1253; x_wconf 89' lang='lat' dir='ltr'><strong>nisi</strong></span> <span class='ocrx_word' id='word_1_62' title='bbox 1965 1187 2300 1253; x_wconf 84' lang='lat' dir='ltr'><strong>lacessitus</strong></span> <span class='ocrx_word' id='word_1_63' title='bbox 2331 1196 2555 1254; x_wconf 87' lang='lat' dir='ltr'><strong>eontra</strong></span> <span class='ocrx_word' id='word_1_64' title='bbox 2583 1189 2854 1275; x_wconf 86' lang='lat' dir='ltr'><strong>aliquem</strong></span> 
     </span>
     <span class='ocr_line' id='line_1_9' title="bbox 186 1293 2856 1383; baseline 0.001 -27"><span class='ocrx_word' id='word_1_65' title='bbox 186 1312 373 1358; x_wconf 80' lang='lat' dir='ltr'><strong>arma</strong></span> <span class='ocrx_word' id='word_1_66' title='bbox 407 1293 669 1380; x_wconf 88' lang='lat' dir='ltr'><strong>sumpsi,</strong></span> <span class='ocrx_word' id='word_1_67' title='bbox 707 1294 766 1358; x_wconf 91' lang='lat' dir='ltr'><strong>si</strong></span> <span class='ocrx_word' id='word_1_68' title='bbox 803 1296 1017 1361; x_wconf 92' lang='lat' dir='ltr'><strong>omnia</strong></span> <span class='ocrx_word' id='word_1_69' title='bbox 1060 1316 1201 1361; x_wconf 86' lang='lat' dir='ltr'><strong>mea</strong></span> <span class='ocrx_word' id='word_1_70' title='bbox 1227 1295 1515 1372; x_wconf 82' lang='lat' dir='ltr'><strong>consilia,</strong></span> <span class='ocrx_word' id='word_1_71' title='bbox 1559 1316 1782 1361; x_wconf 87' lang='lat' dir='ltr'><strong>omnes</strong></span> <span class='ocrx_word' id='word_1_72' title='bbox 1805 1295 2226 1382; x_wconf 79' lang='lat' dir='ltr'><strong>cogitationes</strong></span> <span class='ocrx_word' id='word_1_73' title='bbox 2277 1316 2529 1383; x_wconf 77' lang='lat' dir='ltr'><strong>semper</strong></span> <span class='ocrx_word' id='word_1_74' title='bbox 2557 1294 2643 1362; x_wconf 92' lang='lat' dir='ltr'><strong>ad</strong></span> <span class='ocrx_word' id='word_1_75' title='bbox 2664 1294 2856 1362; x_wconf 90' lang='lat' dir='ltr'><strong>deum</strong></span> 
     </span>
     <span class='ocr_line' id='line_1_10' title="bbox 184 1396 2858 1490; baseline 0.002 -28"><span class='ocrx_word' id='word_1_76' title='bbox 184 1396 635 1476; x_wconf 74' lang='lat' dir='ltr'><strong>immortalem,</strong></span> <span class='ocrx_word' id='word_1_77' title='bbox 675 1414 861 1486; x_wconf 89' lang='lat' dir='ltr'><strong>quem</strong></span> <span class='ocrx_word' id='word_1_78' title='bbox 891 1400 1048 1466; x_wconf 87' lang='lat' dir='ltr'><strong>mihi</strong></span> <span class='ocrx_word' id='word_1_79' title='bbox 1075 1402 1421 1489; x_wconf 88' lang='lat' dir='ltr'><strong>propitium</strong></span> <span class='ocrx_word' id='word_1_80' title='bbox 1439 1422 1581 1467; x_wconf 89' lang='lat' dir='ltr'><strong>esse</strong></span> <span class='ocrx_word' id='word_1_81' title='bbox 1608 1400 1887 1482; x_wconf 85' lang='lat' dir='ltr'><strong>confido,</strong></span> <span class='ocrx_word' id='word_1_82' title='bbox 1918 1400 2123 1481; x_wconf 86' lang='lat' dir='ltr'><strong>retuli,</strong></span> <span class='ocrx_word' id='word_1_83' title='bbox 2170 1401 2549 1489; x_wconf 78' lang='lat' dir='ltr'><strong>spel-avique</strong></span> <span class='ocrx_word' id='word_1_84' title='bbox 2581 1423 2659 1467; x_wconf 89' lang='lat' dir='ltr'><strong>ac</strong></span> <span class='ocrx_word' id='word_1_85' title='bbox 2689 1402 2858 1490; x_wconf 84' lang='lat' dir='ltr'><strong>sple-</strong></span> 
     </span>
     <span class='ocr_line' id='line_1_11' title="bbox 191 1501 2859 1594; baseline 0.001 -25"><span class='ocrx_word' id='word_1_86' title='bbox 191 1524 343 1569; x_wconf 89' lang='lat' dir='ltr'><strong>rare</strong></span> <span class='ocrx_word' id='word_1_87' title='bbox 359 1501 590 1586; x_wconf 88' lang='lat' dir='ltr'><strong>debeo,</strong></span> <span class='ocrx_word' id='word_1_88' title='bbox 632 1505 810 1571; x_wconf 89' lang='lat' dir='ltr'><strong>illum</strong></span> <span class='ocrx_word' id='word_1_89' title='bbox 838 1525 955 1592; x_wconf 88' lang='lat' dir='ltr'><strong>pro</strong></span> <span class='ocrx_word' id='word_1_90' title='bbox 978 1526 1057 1571; x_wconf 90' lang='lat' dir='ltr'><strong>eo</strong></span> <span class='ocrx_word' id='word_1_91' title='bbox 1074 1504 1249 1586; x_wconf 86' lang='lat' dir='ltr'><strong>mihi,</strong></span> <span class='ocrx_word' id='word_1_92' title='bbox 1289 1526 1643 1583; x_wconf 87' lang='lat' dir='ltr'><strong>acmereor,</strong></span> <span class='ocrx_word' id='word_1_93' title='bbox 1687 1507 1957 1594; x_wconf 80' lang='lat' dir='ltr'><strong>gratiam</strong></span> <span class='ocrx_word' id='word_1_94' title='bbox 2003 1505 2368 1573; x_wconf 86' lang='lat' dir='ltr'><strong>relaturum.</strong></span> <span class='ocrx_word' id='word_1_95' title='bbox 2428 1507 2500 1573; x_wconf 81' lang='lat' dir='ltr'><strong>Si</strong></span> <span class='ocrx_word' id='word_1_96' title='bbox 2524 1505 2682 1594; x_wconf 89' lang='lat' dir='ltr'><strong>quid</strong></span> <span class='ocrx_word' id='word_1_97' title='bbox 2704 1529 2859 1575; x_wconf 89' lang='lat' dir='ltr'><strong>vero</strong></span> 
     </span>
     <span class='ocr_line' id='line_1_12' title="bbox 193 1606 2861 1700; baseline 0.002 -26"><span class='ocrx_word' id='word_1_98' title='bbox 193 1606 461 1677; x_wconf 84' lang='lat' dir='ltr'><strong>adversi</strong></span> <span class='ocrx_word' id='word_1_99' title='bbox 485 1611 847 1698; x_wconf 86' lang='lat' dir='ltr'><strong>contigerit,</strong></span> <span class='ocrx_word' id='word_1_100' title='bbox 891 1632 1094 1698; x_wconf 90' lang='lat' dir='ltr'><strong>aequo</strong></span> <span class='ocrx_word' id='word_1_101' title='bbox 1116 1613 1329 1678; x_wconf 91' lang='lat' dir='ltr'><strong>animo</strong></span> <span class='ocrx_word' id='word_1_102' title='bbox 1351 1620 1700 1699; x_wconf 85' lang='lat' dir='ltr'><strong>paratoque</strong></span> <span class='ocrx_word' id='word_1_103' title='bbox 1745 1614 1971 1700; x_wconf 88' lang='lat' dir='ltr'><strong>patiar.</strong></span> <span class='ocrx_word' id='word_1_104' title='bbox 2063 1611 2283 1678; x_wconf 82' lang='lat' dir='ltr'><strong>Nolite</strong></span> <span class='ocrx_word' id='word_1_105' title='bbox 2327 1634 2599 1699; x_wconf 84' lang='lat' dir='ltr'><strong>quoque,</strong></span> <span class='ocrx_word' id='word_1_106' title='bbox 2645 1612 2861 1693; x_wconf 87' lang='lat' dir='ltr'><strong>nolite,</strong></span> 
     </span>
     <span class='ocr_line' id='line_1_13' title="bbox 196 1717 2862 1807; baseline 0.001 -24"><span class='ocrx_word' id='word_1_107' title='bbox 196 1718 482 1805; x_wconf 89' lang='lat' dir='ltr'><strong>inquam,</strong></span> <span class='ocrx_word' id='word_1_108' title='bbox 527 1718 907 1801; x_wconf 82' lang='lat' dir='ltr'><strong>existimare,</strong></span> <span class='ocrx_word' id='word_1_109' title='bbox 951 1719 1074 1784; x_wconf 86' lang='lat' dir='ltr'><strong>viri</strong></span> <span class='ocrx_word' id='word_1_110' title='bbox 1100 1718 1344 1805; x_wconf 87' lang='lat' dir='ltr'><strong>optimi,</strong></span> <span class='ocrx_word' id='word_1_111' title='bbox 1390 1717 1564 1806; x_wconf 88' lang='lat' dir='ltr'><strong>quod</strong></span> <span class='ocrx_word' id='word_1_112' title='bbox 1607 1741 1728 1806; x_wconf 87' lang='lat' dir='ltr'><strong>ego</strong></span> <span class='ocrx_word' id='word_1_113' title='bbox 1774 1720 1895 1785; x_wconf 92' lang='lat' dir='ltr'><strong>sim</strong></span> <span class='ocrx_word' id='word_1_114' title='bbox 1943 1726 2076 1785; x_wconf 86' lang='lat' dir='ltr'><strong>tam</strong></span> <span class='ocrx_word' id='word_1_115' title='bbox 2120 1718 2298 1785; x_wconf 82' lang='lat' dir='ltr'><strong>ferus</strong></span> <span class='ocrx_word' id='word_1_116' title='bbox 2341 1718 2703 1806; x_wconf 80' lang='lat' dir='ltr'><strong>ferensque,</strong></span> <span class='ocrx_word' id='word_1_117' title='bbox 2748 1721 2862 1807; x_wconf 90' lang='lat' dir='ltr'><strong>qui</strong></span> 
     </span>
     <span class='ocr_line' id='line_1_14' title="bbox 197 1822 2861 1912; baseline 0.002 -25"><span class='ocrx_word' id='word_1_118' title='bbox 197 1822 485 1890; x_wconf 76' lang='lat' dir='ltr'><strong>lacrimis</strong></span> <span class='ocrx_word' id='word_1_119' title='bbox 532 1825 1001 1892; x_wconf 77' lang='lat' dir='ltr'><strong>amantissimae</strong></span> <span class='ocrx_word' id='word_1_120' title='bbox 1047 1826 1262 1891; x_wconf 87' lang='lat' dir='ltr'><strong>uxoris</strong></span> <span class='ocrx_word' id='word_1_121' title='bbox 1329 1847 1459 1891; x_wconf 87' lang='lat' dir='ltr'><strong>non</strong></span> <span class='ocrx_word' id='word_1_122' title='bbox 1528 1846 1805 1907; x_wconf 87' lang='lat' dir='ltr'><strong>movear,</strong></span> <span class='ocrx_word' id='word_1_123' title='bbox 1880 1826 1991 1912; x_wconf 89' lang='lat' dir='ltr'><strong>qui</strong></span> <span class='ocrx_word' id='word_1_124' title='bbox 2062 1823 2419 1891; x_wconf 77' lang='lat' dir='ltr'><strong>dulcissimi</strong></span> <span class='ocrx_word' id='word_1_125' title='bbox 2491 1824 2670 1891; x_wconf 88' lang='lat' dir='ltr'><strong>filioli</strong></span> <span class='ocrx_word' id='word_1_126' title='bbox 2733 1826 2861 1892; x_wconf 87' lang='lat' dir='ltr'><strong>mei</strong></span> 
     </span>
     <span class='ocr_line' id='line_1_15' title="bbox 198 1928 2863 2019; baseline 0.002 -26"><span class='ocrx_word' id='word_1_127' title='bbox 198 1930 503 2017; x_wconf 83' lang='lat' dir='ltr'><strong>amplexu</strong></span> <span class='ocrx_word' id='word_1_128' title='bbox 573 1951 698 1997; x_wconf 92' lang='lat' dir='ltr'><strong>non</strong></span> <span class='ocrx_word' id='word_1_129' title='bbox 761 1928 1062 2013; x_wconf 85' lang='lat' dir='ltr'><strong>oblecter,</strong></span> <span class='ocrx_word' id='word_1_130' title='bbox 1133 1932 1244 2018; x_wconf 91' lang='lat' dir='ltr'><strong>qui</strong></span> <span class='ocrx_word' id='word_1_131' title='bbox 1312 1939 1598 1998; x_wconf 88' lang='lat' dir='ltr'><strong>vestrum</strong></span> <span class='ocrx_word' id='word_1_132' title='bbox 1674 1932 1954 1997; x_wconf 88' lang='lat' dir='ltr'><strong>omnium</strong></span> <span class='ocrx_word' id='word_1_133' title='bbox 2019 1951 2243 2019; x_wconf 87' lang='lat' dir='ltr'><strong>preces</strong></span> <span class='ocrx_word' id='word_1_134' title='bbox 2300 1952 2427 1996; x_wconf 93' lang='lat' dir='ltr'><strong>non</strong></span> <span class='ocrx_word' id='word_1_135' title='bbox 2489 1929 2748 1998; x_wconf 85' lang='lat' dir='ltr'><strong>audiam</strong></span> <span class='ocrx_word' id='word_1_136' title='bbox 2796 1940 2863 1997; x_wconf 87' lang='lat' dir='ltr'><strong>et</strong></span> 
     </span>
     <span class='ocr_line' id='line_1_16' title="bbox 204 2036 2860 2125; baseline 0.001 -24"><span class='ocrx_word' id='word_1_137' title='bbox 204 2037 409 2102; x_wconf 86' lang='lat' dir='ltr'><strong>totins</strong></span> <span class='ocrx_word' id='word_1_138' title='bbox 452 2037 632 2124; x_wconf 86' lang='lat' dir='ltr'><strong>regni</strong></span> <span class='ocrx_word' id='word_1_139' title='bbox 673 2058 1024 2103; x_wconf 87' lang='lat' dir='ltr'><strong>moerorem</strong></span> <span class='ocrx_word' id='word_1_140' title='bbox 1092 2059 1221 2103; x_wconf 88' lang='lat' dir='ltr'><strong>non</strong></span> <span class='ocrx_word' id='word_1_141' title='bbox 1279 2037 1648 2125; x_wconf 85' lang='lat' dir='ltr'><strong>intelligam.</strong></span> <span class='ocrx_word' id='word_1_142' title='bbox 1738 2036 1926 2103; x_wconf 89' lang='lat' dir='ltr'><strong>Haec</strong></span> <span class='ocrx_word' id='word_1_143' title='bbox 1988 2045 2179 2123; x_wconf 87' lang='lat' dir='ltr'><strong>atque</strong></span> <span class='ocrx_word' id='word_1_144' title='bbox 2241 2036 2367 2104; x_wconf 89' lang='lat' dir='ltr'><strong>alia</strong></span> <span class='ocrx_word' id='word_1_145' title='bbox 2424 2043 2574 2105; x_wconf 87' lang='lat' dir='ltr'><strong>ante</strong></span> <span class='ocrx_word' id='word_1_146' title='bbox 2639 2037 2860 2105; x_wconf 87' lang='lat' dir='ltr'><strong>oculos</strong></span> 
     </span>
     <span class='ocr_line' id='line_1_17' title="bbox 203 2141 2861 2231; baseline 0 -24"><span class='ocrx_word' id='word_1_147' title='bbox 203 2142 465 2211; x_wconf 85' lang='lat' dir='ltr'><strong>assidue</strong></span> <span class='ocrx_word' id='word_1_148' title='bbox 519 2149 855 2210; x_wconf 79' lang='lat' dir='ltr'><strong>versantur</strong></span> <span class='ocrx_word' id='word_1_149' title='bbox 898 2152 963 2210; x_wconf 89' lang='lat' dir='ltr'><strong>et</strong></span> <span class='ocrx_word' id='word_1_150' title='bbox 1006 2165 1268 2210; x_wconf 88' lang='lat' dir='ltr'><strong>moneor</strong></span> <span class='ocrx_word' id='word_1_151' title='bbox 1311 2143 1490 2211; x_wconf 89' lang='lat' dir='ltr'><strong>hisce</strong></span> <span class='ocrx_word' id='word_1_152' title='bbox 1533 2141 1743 2225; x_wconf 89' lang='lat' dir='ltr'><strong>rebus,</strong></span> <span class='ocrx_word' id='word_1_153' title='bbox 1808 2144 1899 2210; x_wconf 86' lang='lat' dir='ltr'><strong>ita</strong></span> <span class='ocrx_word' id='word_1_154' title='bbox 1944 2151 2177 2225; x_wconf 88' lang='lat' dir='ltr'><strong>tamen,</strong></span> <span class='ocrx_word' id='word_1_155' title='bbox 2221 2151 2293 2210; x_wconf 88' lang='lat' dir='ltr'><strong>ut</strong></span> <span class='ocrx_word' id='word_1_156' title='bbox 2336 2141 2637 2231; x_wconf 78' lang='lat' dir='ltr'><strong>dignitati</strong></span> <span class='ocrx_word' id='word_1_157' title='bbox 2682 2165 2861 2209; x_wconf 88' lang='lat' dir='ltr'><strong>meae</strong></span> 
     </span>
     <span class='ocr_line' id='line_1_18' title="bbox 207 2248 2863 2339; baseline 0.001 -26"><span class='ocrx_word' id='word_1_158' title='bbox 207 2257 279 2315; x_wconf 88' lang='lat' dir='ltr'><strong>et</strong></span> <span class='ocrx_word' id='word_1_159' title='bbox 318 2250 644 2318; x_wconf 88' lang='lat' dir='ltr'><strong>communi</strong></span> <span class='ocrx_word' id='word_1_160' title='bbox 687 2249 1072 2317; x_wconf 88' lang='lat' dir='ltr'><strong>christianae</strong></span> <span class='ocrx_word' id='word_1_161' title='bbox 1116 2251 1208 2317; x_wconf 89' lang='lat' dir='ltr'><strong>rei</strong></span> <span class='ocrx_word' id='word_1_162' title='bbox 1254 2249 1551 2339; x_wconf 89' lang='lat' dir='ltr'><strong>publicae</strong></span> <span class='ocrx_word' id='word_1_163' title='bbox 1594 2250 1872 2316; x_wconf 86' lang='lat' dir='ltr'><strong>utilitate</strong></span> <span class='ocrx_word' id='word_1_164' title='bbox 1918 2248 2227 2317; x_wconf 87' lang='lat' dir='ltr'><strong>studeam.</strong></span> <span class='ocrx_word' id='word_1_165' title='bbox 2318 2248 2558 2329; x_wconf 75' lang='lat' dir='ltr'><strong>Quare,</strong></span> <span class='ocrx_word' id='word_1_166' title='bbox 2621 2249 2863 2337; x_wconf 87' lang='lat' dir='ltr'><strong>egregii</strong></span> 
     </span>
     <span class='ocr_line' id='line_1_19' title="bbox 205 2354 2862 2444; baseline 0.001 -24"><span class='ocrx_word' id='word_1_167' title='bbox 205 2354 345 2433; x_wconf 86' lang='lat' dir='ltr'><strong>viri,</strong></span> <span class='ocrx_word' id='word_1_168' title='bbox 392 2356 639 2443; x_wconf 88' lang='lat' dir='ltr'><strong>parcite</strong></span> <span class='ocrx_word' id='word_1_169' title='bbox 682 2357 809 2442; x_wconf 84' lang='lat' dir='ltr'><strong>jam</strong></span> <span class='ocrx_word' id='word_1_170' title='bbox 836 2356 1113 2422; x_wconf 87' lang='lat' dir='ltr'><strong>lacrimis</strong></span> <span class='ocrx_word' id='word_1_171' title='bbox 1160 2365 1228 2423; x_wconf 89' lang='lat' dir='ltr'><strong>et</strong></span> <span class='ocrx_word' id='word_1_172' title='bbox 1270 2378 1619 2424; x_wconf 87' lang='lat' dir='ltr'><strong>maerorem</strong></span> <span class='ocrx_word' id='word_1_173' title='bbox 1660 2355 1967 2444; x_wconf 84' lang='lat' dir='ltr'><strong>deponite</strong></span> <span class='ocrx_word' id='word_1_174' title='bbox 1996 2356 2617 2444; x_wconf 83' lang='lat' dir='ltr'><strong>circumspiciteque,</strong></span> <span class='ocrx_word' id='word_1_175' title='bbox 2662 2377 2862 2443; x_wconf 89' lang='lat' dir='ltr'><strong>quan·</strong></span> 
     </span>
     <span class='ocr_line' id='line_1_20' title="bbox 199 2458 2862 2551; baseline 0 -23"><span class='ocrx_word' id='word_1_176' title='bbox 199 2466 307 2528; x_wconf 83' lang='lat' dir='ltr'><strong>tae</strong></span> <span class='ocrx_word' id='word_1_177' title='bbox 348 2463 447 2527; x_wconf 88' lang='lat' dir='ltr'><strong>rei</strong></span> <span class='ocrx_word' id='word_1_178' title='bbox 488 2458 784 2550; x_wconf 88' lang='lat' dir='ltr'><strong>publicae</strong></span> <span class='ocrx_word' id='word_1_179' title='bbox 828 2462 1212 2531; x_wconf 78' lang='lat' dir='ltr'><strong>christianae</strong></span> <span class='ocrx_word' id='word_1_180' title='bbox 1266 2461 1644 2532; x_wconf 89' lang='lat' dir='ltr'><strong>incumbunt</strong></span> <span class='ocrx_word' id='word_1_181' title='bbox 1709 2462 2028 2551; x_wconf 77' lang='lat' dir='ltr'><strong>procellae</strong></span> <span class='ocrx_word' id='word_1_182' title='bbox 2091 2471 2158 2529; x_wconf 88' lang='lat' dir='ltr'><strong>et</strong></span> <span class='ocrx_word' id='word_1_183' title='bbox 2227 2468 2672 2551; x_wconf 78' lang='lat' dir='ltr'><strong>tempestates,</strong></span> <span class='ocrx_word' id='word_1_184' title='bbox 2733 2462 2862 2528; x_wconf 90' lang='lat' dir='ltr'><strong>nisi</strong></span> 
     </span>
     <span class='ocr_line' id='line_1_21' title="bbox 210 2566 2862 2657; baseline 0 -22"><span class='ocrx_word' id='word_1_185' title='bbox 210 2589 328 2655; x_wconf 84' lang='lat' dir='ltr'><strong>ego</strong></span> <span class='ocrx_word' id='word_1_186' title='bbox 384 2584 733 2646; x_wconf 85' lang='lat' dir='ltr'><strong>occurram,</strong></span> <span class='ocrx_word' id='word_1_187' title='bbox 800 2588 927 2633; x_wconf 93' lang='lat' dir='ltr'><strong>non</strong></span> <span class='ocrx_word' id='word_1_188' title='bbox 972 2569 1141 2634; x_wconf 91' lang='lat' dir='ltr'><strong>enim</strong></span> <span class='ocrx_word' id='word_1_189' title='bbox 1187 2568 1394 2635; x_wconf 90' lang='lat' dir='ltr'><strong>solum</strong></span> <span class='ocrx_word' id='word_1_190' title='bbox 1439 2567 1522 2636; x_wconf 90' lang='lat' dir='ltr'><strong>de</strong></span> <span class='ocrx_word' id='word_1_191' title='bbox 1567 2576 1740 2635; x_wconf 86' lang='lat' dir='ltr'><strong>statu</strong></span> <span class='ocrx_word' id='word_1_192' title='bbox 1785 2589 1950 2649; x_wconf 89' lang='lat' dir='ltr'><strong>meo,</strong></span> <span class='ocrx_word' id='word_1_193' title='bbox 2012 2568 2130 2636; x_wconf 85' lang='lat' dir='ltr'><strong>sed</strong></span> <span class='ocrx_word' id='word_1_194' title='bbox 2175 2566 2258 2635; x_wconf 91' lang='lat' dir='ltr'><strong>de</strong></span> <span class='ocrx_word' id='word_1_195' title='bbox 2303 2568 2609 2657; x_wconf 88' lang='lat' dir='ltr'><strong>religione</strong></span> <span class='ocrx_word' id='word_1_196' title='bbox 2652 2566 2862 2656; x_wconf 87' lang='lat' dir='ltr'><strong>deque</strong></span> 
     </span>
     <span class='ocr_line' id='line_1_22' title="bbox 212 2672 2861 2765; baseline -0 -24"><span class='ocrx_word' id='word_1_197' title='bbox 212 2675 535 2741; x_wconf 89' lang='lat' dir='ltr'><strong>communi</strong></span> <span class='ocrx_word' id='word_1_198' title='bbox 578 2675 861 2742; x_wconf 88' lang='lat' dir='ltr'><strong>omnium</strong></span> <span class='ocrx_word' id='word_1_199' title='bbox 905 2674 1111 2742; x_wconf 87' lang='lat' dir='ltr'><strong>salute</strong></span> <span class='ocrx_word' id='word_1_200' title='bbox 1177 2674 1585 2764; x_wconf 87' lang='lat' dir='ltr'><strong>cogitandum</strong></span> <span class='ocrx_word' id='word_1_201' title='bbox 1647 2682 1750 2741; x_wconf 88' lang='lat' dir='ltr'><strong>est</strong></span> <span class='ocrx_word' id='word_1_202' title='bbox 1813 2681 2005 2763; x_wconf 88' lang='lat' dir='ltr'><strong>atque</strong></span> <span class='ocrx_word' id='word_1_203' title='bbox 2051 2672 2537 2765; x_wconf 88' lang='lat' dir='ltr'><strong>providendum,</strong></span> <span class='ocrx_word' id='word_1_204' title='bbox 2598 2682 2671 2740; x_wconf 91' lang='lat' dir='ltr'><strong>ut</strong></span> <span class='ocrx_word' id='word_1_205' title='bbox 2718 2695 2861 2740; x_wconf 72' lang='lat' dir='ltr'><strong>meo</strong></span> 
     </span>
     <span class='ocr_line' id='line_1_23' title="bbox 210 2779 2858 2871; baseline -0.001 -22"><span class='ocrx_word' id='word_1_206' title='bbox 210 2779 445 2859; x_wconf 87' lang='lat' dir='ltr'><strong>labore,</strong></span> <span class='ocrx_word' id='word_1_207' title='bbox 509 2781 812 2862; x_wconf 88' lang='lat' dir='ltr'><strong>consiliis,</strong></span> <span class='ocrx_word' id='word_1_208' title='bbox 875 2781 1106 2871; x_wconf 90' lang='lat' dir='ltr'><strong>opibus</strong></span> <span class='ocrx_word' id='word_1_209' title='bbox 1152 2781 1458 2850; x_wconf 83' lang='lat' dir='ltr'><strong>afflictam</strong></span> <span class='ocrx_word' id='word_1_210' title='bbox 1513 2782 1765 2849; x_wconf 89' lang='lat' dir='ltr'><strong>Italiam</strong></span> <span class='ocrx_word' id='word_1_211' title='bbox 1832 2782 2145 2870; x_wconf 80' lang='lat' dir='ltr'><strong>imprimis</strong></span> <span class='ocrx_word' id='word_1_212' title='bbox 2215 2779 2566 2863; x_wconf 84' lang='lat' dir='ltr'><strong>sublevem,</strong></span> <span class='ocrx_word' id='word_1_213' title='bbox 2633 2803 2858 2869; x_wconf 89' lang='lat' dir='ltr'><strong>pacem</strong></span> 
     </span>
     <span class='ocr_line' id='line_1_24' title="bbox 203 2887 2863 2977; baseline -0.001 -22"><span class='ocrx_word' id='word_1_214' title='bbox 203 2888 370 2955; x_wconf 89' lang='lat' dir='ltr'><strong>inter</strong></span> <span class='ocrx_word' id='word_1_215' title='bbox 436 2889 759 2977; x_wconf 88' lang='lat' dir='ltr'><strong>principes</strong></span> <span class='ocrx_word' id='word_1_216' title='bbox 823 2887 1203 2955; x_wconf 83' lang='lat' dir='ltr'><strong>christianos</strong></span> <span class='ocrx_word' id='word_1_217' title='bbox 1279 2890 1360 2972; x_wconf 89' lang='lat' dir='ltr'><strong>(si</strong></span> <span class='ocrx_word' id='word_1_218' title='bbox 1431 2888 1560 2956; x_wconf 88' lang='lat' dir='ltr'><strong>ulla</strong></span> <span class='ocrx_word' id='word_1_219' title='bbox 1627 2890 1872 2955; x_wconf 85' lang='lat' dir='ltr'><strong>ratione</strong></span> <span class='ocrx_word' id='word_1_220' title='bbox 1939 2889 2076 2954; x_wconf 83' lang='lat' dir='ltr'><strong>fieri</strong></span> <span class='ocrx_word' id='word_1_221' title='bbox 2131 2888 2389 2976; x_wconf 89' lang='lat' dir='ltr'><strong>poterit)</strong></span> <span class='ocrx_word' id='word_1_222' title='bbox 2462 2908 2863 2975; x_wconf 86' lang='lat' dir='ltr'><strong>componam,</strong></span> 
     </span>
     <span class='ocr_line' id='line_1_25' title="bbox 203 2993 2861 3081; baseline 0.001 -23"><span class='ocrx_word' id='word_1_223' title='bbox 203 2994 501 3075; x_wconf 86' lang='lat' dir='ltr'><strong>furorem,</strong></span> <span class='ocrx_word' id='word_1_224' title='bbox 564 2994 906 3062; x_wconf 87' lang='lat' dir='ltr'><strong>maledicta</strong></span> <span class='ocrx_word' id='word_1_225' title='bbox 969 3014 1047 3062; x_wconf 89' lang='lat' dir='ltr'><strong>ac</strong></span> <span class='ocrx_word' id='word_1_226' title='bbox 1110 2993 1408 3062; x_wconf 87' lang='lat' dir='ltr'><strong>libidines</strong></span> <span class='ocrx_word' id='word_1_227' title='bbox 1472 2994 1836 3076; x_wconf 86' lang='lat' dir='ltr'><strong>multorum,</strong></span> <span class='ocrx_word' id='word_1_228' title='bbox 1903 2995 2015 3081; x_wconf 89' lang='lat' dir='ltr'><strong>qui</strong></span> <span class='ocrx_word' id='word_1_229' title='bbox 2078 2993 2235 3060; x_wconf 90' lang='lat' dir='ltr'><strong>mihi</strong></span> <span class='ocrx_word' id='word_1_230' title='bbox 2304 3002 2371 3060; x_wconf 91' lang='lat' dir='ltr'><strong>et</strong></span> <span class='ocrx_word' id='word_1_231' title='bbox 2435 2993 2663 3061; x_wconf 89' lang='lat' dir='ltr'><strong>honori</strong></span> <span class='ocrx_word' id='word_1_232' title='bbox 2717 3016 2861 3061; x_wconf 89' lang='lat' dir='ltr'><strong>meo</strong></span> 
     </span>
     <span class='ocr_line' id='line_1_26' title="bbox 211 3096 2862 3189; baseline -0.001 -22"><span class='ocrx_word' id='word_1_233' title='bbox 211 3099 572 3182; x_wconf 89' lang='lat' dir='ltr'><strong>detrahunt,</strong></span> <span class='ocrx_word' id='word_1_234' title='bbox 617 3102 977 3189; x_wconf 88' lang='lat' dir='ltr'><strong>reprimam,</strong></span> <span class='ocrx_word' id='word_1_235' title='bbox 1022 3122 1249 3189; x_wconf 83' lang='lat' dir='ltr'><strong>meque</strong></span> <span class='ocrx_word' id='word_1_236' title='bbox 1295 3110 1362 3167; x_wconf 88' lang='lat' dir='ltr'><strong>et</strong></span> <span class='ocrx_word' id='word_1_237' title='bbox 1387 3100 1763 3188; x_wconf 86' lang='lat' dir='ltr'><strong>dignitatem</strong></span> <span class='ocrx_word' id='word_1_238' title='bbox 1795 3122 2003 3167; x_wconf 91' lang='lat' dir='ltr'><strong>meam</strong></span> <span class='ocrx_word' id='word_1_239' title='bbox 2050 3098 2134 3167; x_wconf 88' lang='lat' dir='ltr'><strong>ab</strong></span> <span class='ocrx_word' id='word_1_240' title='bbox 2176 3096 2420 3166; x_wconf 89' lang='lat' dir='ltr'><strong>invidis</strong></span> <span class='ocrx_word' id='word_1_241' title='bbox 2466 3120 2862 3181; x_wconf 85' lang='lat' dir='ltr'><strong>conservem,</strong></span> 
     </span>
     <span class='ocr_line' id='line_1_27' title="bbox 211 3205 2860 3294; baseline 0 -22"><span class='ocrx_word' id='word_1_242' title='bbox 211 3228 453 3294; x_wconf 86' lang='lat' dir='ltr'><strong>vosque</strong></span> <span class='ocrx_word' id='word_1_243' title='bbox 499 3230 538 3273; x_wconf 88' lang='lat' dir='ltr'><strong>a</strong></span> <span class='ocrx_word' id='word_1_244' title='bbox 583 3205 751 3274; x_wconf 91' lang='lat' dir='ltr'><strong>bello</strong></span> <span class='ocrx_word' id='word_1_245' title='bbox 796 3214 865 3273; x_wconf 88' lang='lat' dir='ltr'><strong>et</strong></span> <span class='ocrx_word' id='word_1_246' title='bbox 906 3209 1152 3294; x_wconf 90' lang='lat' dir='ltr'><strong>impetu</strong></span> <span class='ocrx_word' id='word_1_247' title='bbox 1196 3206 1491 3283; x_wconf 89' lang='lat' dir='ltr'><strong>hostium,</strong></span> <span class='ocrx_word' id='word_1_248' title='bbox 1537 3205 1712 3293; x_wconf 88' lang='lat' dir='ltr'><strong>quod</strong></span> <span class='ocrx_word' id='word_1_249' title='bbox 1754 3206 1945 3273; x_wconf 84' lang='lat' dir='ltr'><strong>facile</strong></span> <span class='ocrx_word' id='word_1_250' title='bbox 1976 3211 2191 3272; x_wconf 85' lang='lat' dir='ltr'><strong>vestra</strong></span> <span class='ocrx_word' id='word_1_251' title='bbox 2221 3226 2343 3293; x_wconf 93' lang='lat' dir='ltr'><strong>ope</strong></span> <span class='ocrx_word' id='word_1_252' title='bbox 2412 3205 2558 3272; x_wconf 78' lang='lat' dir='ltr'><strong>fieri</strong></span> <span class='ocrx_word' id='word_1_253' title='bbox 2604 3206 2860 3294; x_wconf 85' lang='lat' dir='ltr'><strong>poterit,</strong></span> 
     </span>
     <span class='ocr_line' id='line_1_28' title="bbox 201 3311 559 3380; baseline 0 -1"><span class='ocrx_word' id='word_1_254' title='bbox 201 3311 559 3380; x_wconf 82' lang='lat' dir='ltr'><strong>defendam.</strong></span> 
     </span>
    </p>

    <p class='ocr_par' dir='ltr' id='par_1_4' title="bbox 192 3418 2908 4892">
     <span class='ocr_line' id='line_1_29' title="bbox 419 3418 2865 3507; baseline -0.001 -20"><span class='ocrx_word' id='word_1_255' title='bbox 419 3420 606 3499; x_wconf 75' lang='lat' dir='ltr'><strong>Quae</strong></span> <span class='ocrx_word' id='word_1_256' title='bbox 650 3419 910 3507; x_wconf 90' lang='lat' dir='ltr'><strong>quidem</strong></span> <span class='ocrx_word' id='word_1_257' title='bbox 955 3419 1168 3485; x_wconf 89' lang='lat' dir='ltr'><strong>omnia</strong></span> <span class='ocrx_word' id='word_1_258' title='bbox 1240 3440 1355 3506; x_wconf 90' lang='lat' dir='ltr'><strong>per</strong></span> <span class='ocrx_word' id='word_1_259' title='bbox 1398 3441 1604 3485; x_wconf 92' lang='lat' dir='ltr'><strong>meam</strong></span> <span class='ocrx_word' id='word_1_260' title='bbox 1668 3420 1735 3485; x_wconf 93' lang='lat' dir='ltr'><strong>in</strong></span> <span class='ocrx_word' id='word_1_261' title='bbox 1793 3418 2046 3485; x_wconf 86' lang='lat' dir='ltr'><strong>Italiam</strong></span> <span class='ocrx_word' id='word_1_262' title='bbox 2094 3418 2555 3507; x_wconf 79' lang='lat' dir='ltr'><strong>profectionem</strong></span> <span class='ocrx_word' id='word_1_263' title='bbox 2601 3419 2865 3504; x_wconf 87' lang='lat' dir='ltr'><strong>optime,</strong></span> 
     </span>
     <span class='ocr_line' id='line_1_30' title="bbox 192 3524 2908 3613; baseline -0.001 -21"><span class='ocrx_word' id='word_1_264' title='bbox 192 3535 283 3594; x_wconf 72' lang='grc' dir='ltr'><strong>ιιι</strong></span> <span class='ocrx_word' id='word_1_265' title='bbox 328 3527 549 3592; x_wconf 87' lang='lat' dir='ltr'><strong>statim</strong></span> <span class='ocrx_word' id='word_1_266' title='bbox 597 3525 782 3593; x_wconf 88' lang='lat' dir='ltr'><strong>vobis</strong></span> <span class='ocrx_word' id='word_1_267' title='bbox 848 3524 1201 3606; x_wconf 85' lang='lat' dir='ltr'><strong>ostendam,</strong></span> <span class='ocrx_word' id='word_1_268' title='bbox 1268 3527 1404 3591; x_wconf 87' lang='lat' dir='ltr'><strong>fieri</strong></span> <span class='ocrx_word' id='word_1_269' title='bbox 1471 3532 1788 3613; x_wconf 83' lang='lat' dir='ltr'><strong>poterunt.</strong></span> <span class='ocrx_word' id='word_1_270' title='bbox 1877 3524 2030 3591; x_wconf 86' lang='lat' dir='ltr'><strong>Tria</strong></span> <span class='ocrx_word' id='word_1_271' title='bbox 2090 3525 2290 3613; x_wconf 88' lang='lat' dir='ltr'><strong>igitur</strong></span> <span class='ocrx_word' id='word_1_272' title='bbox 2352 3530 2503 3590; x_wconf 89' lang='lat' dir='ltr'><strong>sunt</strong></span> <span class='ocrx_word' id='word_1_273' title='bbox 2572 3525 2863 3605; x_wconf 85' lang='lat' dir='ltr'><strong>maxima,</strong></span> <span class='ocrx_word' id='word_1_274' title='bbox 2903 3524 2908 3529; x_wconf 82' lang='grc'><strong>’</strong></span> 
     </span>
     <span class='ocr_line' id='line_1_31' title="bbox 212 3626 2863 3720; baseline -0.001 -21"><span class='ocrx_word' id='word_1_275' title='bbox 212 3656 376 3719; x_wconf 89' lang='lat' dir='ltr'><strong>quae</strong></span> <span class='ocrx_word' id='word_1_276' title='bbox 420 3654 524 3699; x_wconf 89' lang='lat' dir='ltr'><strong>me</strong></span> <span class='ocrx_word' id='word_1_277' title='bbox 569 3640 810 3720; x_wconf 88' lang='lat' dir='ltr'><strong>cogunt</strong></span> <span class='ocrx_word' id='word_1_278' title='bbox 853 3639 922 3698; x_wconf 90' lang='lat' dir='ltr'><strong>et</strong></span> <span class='ocrx_word' id='word_1_279' title='bbox 963 3631 1319 3719; x_wconf 84' lang='lat' dir='ltr'><strong>impellunt,</strong></span> <span class='ocrx_word' id='word_1_280' title='bbox 1387 3639 1459 3698; x_wconf 89' lang='grc' dir='ltr'><strong>ιιι</strong></span> <span class='ocrx_word' id='word_1_281' title='bbox 1513 3633 1580 3697; x_wconf 92' lang='lat' dir='ltr'><strong>in</strong></span> <span class='ocrx_word' id='word_1_282' title='bbox 1627 3630 1881 3697; x_wconf 84' lang='lat' dir='ltr'><strong>Italiam</strong></span> <span class='ocrx_word' id='word_1_283' title='bbox 1926 3631 2257 3717; x_wconf 88' lang='lat' dir='ltr'><strong>trajiciam.</strong></span> <span class='ocrx_word' id='word_1_284' title='bbox 2352 3626 2567 3695; x_wconf 86' lang='lat' dir='ltr'><strong>Ardor</strong></span> <span class='ocrx_word' id='word_1_285' title='bbox 2609 3630 2863 3718; x_wconf 87' lang='lat' dir='ltr'><strong>religio-</strong></span> 
     </span>
     <span class='ocr_line' id='line_1_32' title="bbox 210 3733 2860 3823; baseline -0 -19"><span class='ocrx_word' id='word_1_286' title='bbox 210 3741 310 3805; x_wconf 90' lang='lat' dir='ltr'><strong>nis</strong></span> <span class='ocrx_word' id='word_1_287' title='bbox 357 3737 653 3818; x_wconf 89' lang='lat' dir='ltr'><strong>tnendae,</strong></span> <span class='ocrx_word' id='word_1_288' title='bbox 696 3736 1085 3806; x_wconf 89' lang='lat' dir='ltr'><strong>desiderium</strong></span> <span class='ocrx_word' id='word_1_289' title='bbox 1132 3737 1468 3803; x_wconf 87' lang='lat' dir='ltr'><strong>clementia</strong></span> <span class='ocrx_word' id='word_1_290' title='bbox 1512 3744 1578 3803; x_wconf 89' lang='lat' dir='ltr'><strong>et</strong></span> <span class='ocrx_word' id='word_1_291' title='bbox 1614 3736 2130 3823; x_wconf 84' lang='lat' dir='ltr'><strong>magnanimitate</strong></span> <span class='ocrx_word' id='word_1_292' title='bbox 2175 3736 2243 3800; x_wconf 90' lang='lat' dir='ltr'><strong>in</strong></span> <span class='ocrx_word' id='word_1_293' title='bbox 2287 3734 2547 3802; x_wconf 86' lang='lat' dir='ltr'><strong>afflictis</strong></span> <span class='ocrx_word' id='word_1_294' title='bbox 2594 3733 2860 3803; x_wconf 85' lang='lat' dir='ltr'><strong>urbibus</strong></span> 
     </span>
     <span class='ocr_line' id='line_1_33' title="bbox 210 3840 2862 3932; baseline -0.001 -20"><span class='ocrx_word' id='word_1_295' title='bbox 210 3844 457 3925; x_wconf 87' lang='lat' dir='ltr'><strong>utendi,</strong></span> <span class='ocrx_word' id='word_1_296' title='bbox 526 3844 786 3911; x_wconf 88' lang='lat' dir='ltr'><strong>honoris</strong></span> <span class='ocrx_word' id='word_1_297' title='bbox 831 3852 900 3910; x_wconf 88' lang='lat' dir='ltr'><strong>et</strong></span> <span class='ocrx_word' id='word_1_298' title='bbox 942 3843 1276 3932; x_wconf 82' lang='lat' dir='ltr'><strong>dignitatis</strong></span> <span class='ocrx_word' id='word_1_299' title='bbox 1322 3865 1502 3909; x_wconf 89' lang='lat' dir='ltr'><strong>meae</strong></span> <span class='ocrx_word' id='word_1_300' title='bbox 1546 3840 2022 3910; x_wconf 84' lang='lat' dir='ltr'><strong>conservandae</strong></span> <span class='ocrx_word' id='word_1_301' title='bbox 2066 3862 2146 3908; x_wconf 88' lang='lat' dir='ltr'><strong>ac</strong></span> <span class='ocrx_word' id='word_1_302' title='bbox 2189 3843 2370 3929; x_wconf 88' lang='lat' dir='ltr'><strong>pacis</strong></span> <span class='ocrx_word' id='word_1_303' title='bbox 2413 3842 2584 3907; x_wconf 91' lang='lat' dir='ltr'><strong>inter</strong></span> <span class='ocrx_word' id='word_1_304' title='bbox 2626 3841 2862 3929; x_wconf 87' lang='lat' dir='ltr'><strong>princi-</strong></span> 
     </span>
     <span class='ocr_line' id='line_1_34' title="bbox 200 3946 2863 4041; baseline -0.001 -22"><span class='ocrx_word' id='word_1_305' title='bbox 200 3975 316 4041; x_wconf 87' lang='lat' dir='ltr'><strong>pes</strong></span> <span class='ocrx_word' id='word_1_306' title='bbox 362 3952 743 4019; x_wconf 86' lang='lat' dir='ltr'><strong>christianos</strong></span> <span class='ocrx_word' id='word_1_307' title='bbox 786 3949 1267 4039; x_wconf 85' lang='lat' dir='ltr'><strong>componendae</strong></span> <span class='ocrx_word' id='word_1_308' title='bbox 1334 3949 1588 4038; x_wconf 88' lang='lat' dir='ltr'><strong>cupido.</strong></span> <span class='ocrx_word' id='word_1_309' title='bbox 1679 3949 1867 4028; x_wconf 74' lang='lat' dir='ltr'><strong>Quae</strong></span> <span class='ocrx_word' id='word_1_310' title='bbox 1930 3949 2143 4015; x_wconf 88' lang='lat' dir='ltr'><strong>omnia</strong></span> <span class='ocrx_word' id='word_1_311' title='bbox 2213 3950 2308 4015; x_wconf 90' lang='lat' dir='ltr'><strong>ita</strong></span> <span class='ocrx_word' id='word_1_312' title='bbox 2376 3946 2535 4014; x_wconf 86' lang='lat' dir='ltr'><strong>mihi</strong></span> <span class='ocrx_word' id='word_1_313' title='bbox 2578 3947 2863 4017; x_wconf 88' lang='lat' dir='ltr'><strong>curanda</strong></span> 
     </span>
     <span class='ocr_line' id='line_1_35' title="bbox 206 4052 2863 4143; baseline -0.002 -18"><span class='ocrx_word' id='word_1_314' title='bbox 206 4069 373 4139; x_wconf 88' lang='lat' dir='ltr'><strong>sunt,</strong></span> <span class='ocrx_word' id='word_1_315' title='bbox 431 4067 506 4125; x_wconf 89' lang='lat' dir='ltr'><strong>ut</strong></span> <span class='ocrx_word' id='word_1_316' title='bbox 548 4080 651 4124; x_wconf 86' lang='lat' dir='ltr'><strong>me</strong></span> <span class='ocrx_word' id='word_1_317' title='bbox 696 4080 821 4124; x_wconf 87' lang='lat' dir='ltr'><strong>non</strong></span> <span class='ocrx_word' id='word_1_318' title='bbox 870 4066 1089 4124; x_wconf 88' lang='lat' dir='ltr'><strong>natum</strong></span> <span class='ocrx_word' id='word_1_319' title='bbox 1144 4055 1230 4124; x_wconf 87' lang='lat' dir='ltr'><strong>ad</strong></span> <span class='ocrx_word' id='word_1_320' title='bbox 1273 4057 1476 4122; x_wconf 86' lang='lat' dir='ltr'><strong>otium</strong></span> <span class='ocrx_word' id='word_1_321' title='bbox 1521 4064 1589 4122; x_wconf 90' lang='lat' dir='ltr'><strong>et</strong></span> <span class='ocrx_word' id='word_1_322' title='bbox 1632 4056 1930 4143; x_wconf 88' lang='lat' dir='ltr'><strong>quietem,</strong></span> <span class='ocrx_word' id='word_1_323' title='bbox 1998 4053 2116 4123; x_wconf 89' lang='lat' dir='ltr'><strong>sed</strong></span> <span class='ocrx_word' id='word_1_324' title='bbox 2159 4053 2245 4122; x_wconf 85' lang='lat' dir='ltr'><strong>ad</strong></span> <span class='ocrx_word' id='word_1_325' title='bbox 2289 4052 2540 4122; x_wconf 86' lang='lat' dir='ltr'><strong>labores</strong></span> <span class='ocrx_word' id='word_1_326' title='bbox 2587 4061 2657 4121; x_wconf 89' lang='lat' dir='ltr'><strong>et</strong></span> <span class='ocrx_word' id='word_1_327' title='bbox 2699 4055 2863 4142; x_wconf 81' lang='lat' dir='ltr'><strong>vigi-</strong></span> 
     </span>
     <span class='ocr_line' id='line_1_36' title="bbox 206 4159 2861 4249; baseline -0.001 -20"><span class='ocrx_word' id='word_1_328' title='bbox 206 4165 325 4232; x_wconf 88' lang='lat' dir='ltr'><strong>lias</strong></span> <span class='ocrx_word' id='word_1_329' title='bbox 371 4173 443 4232; x_wconf 86' lang='lat' dir='ltr'><strong>et</strong></span> <span class='ocrx_word' id='word_1_330' title='bbox 485 4185 887 4233; x_wconf 89' lang='lat' dir='ltr'><strong>communem</strong></span> <span class='ocrx_word' id='word_1_331' title='bbox 932 4163 1218 4229; x_wconf 90' lang='lat' dir='ltr'><strong>omnium</strong></span> <span class='ocrx_word' id='word_1_332' title='bbox 1264 4161 1607 4229; x_wconf 84' lang='lat' dir='ltr'><strong>utilitatem</strong></span> <span class='ocrx_word' id='word_1_333' title='bbox 1654 4181 1803 4227; x_wconf 85' lang='lat' dir='ltr'><strong>esse</strong></span> <span class='ocrx_word' id='word_1_334' title='bbox 1848 4168 2087 4249; x_wconf 88' lang='lat' dir='ltr'><strong>putem.</strong></span> <span class='ocrx_word' id='word_1_335' title='bbox 2176 4159 2319 4226; x_wconf 79' lang='lat' dir='ltr'><strong>Nec</strong></span> <span class='ocrx_word' id='word_1_336' title='bbox 2373 4167 2714 4248; x_wconf 83' lang='lat' dir='ltr'><strong>propterea</strong></span> <span class='ocrx_word' id='word_1_337' title='bbox 2757 4182 2861 4227; x_wconf 90' lang='lat' dir='ltr'><strong>me</strong></span> 
     </span>
     <span class='ocr_line' id='line_1_37' title="bbox 205 4263 2866 4359; baseline -0.002 -22"><span class='ocrx_word' id='word_1_338' title='bbox 205 4294 244 4337; x_wconf 88' lang='lat' dir='ltr'><strong>a</strong></span> <span class='ocrx_word' id='word_1_339' title='bbox 286 4272 436 4339; x_wconf 93' lang='lat' dir='ltr'><strong>Deo</strong></span> <span class='ocrx_word' id='word_1_340' title='bbox 481 4272 730 4359; x_wconf 81' lang='lat' dir='ltr'><strong>optimo</strong></span> <span class='ocrx_word' id='word_1_341' title='bbox 775 4270 1054 4336; x_wconf 84' lang='lat' dir='ltr'><strong>maximo</strong></span> <span class='ocrx_word' id='word_1_342' title='bbox 1097 4266 1183 4335; x_wconf 89' lang='lat' dir='ltr'><strong>ad</strong></span> <span class='ocrx_word' id='word_1_343' title='bbox 1226 4275 1474 4334; x_wconf 85' lang='lat' dir='ltr'><strong>tantum</strong></span> <span class='ocrx_word' id='word_1_344' title='bbox 1538 4267 1877 4354; x_wconf 87' lang='lat' dir='ltr'><strong>imperium</strong></span> <span class='ocrx_word' id='word_1_345' title='bbox 1924 4263 2200 4333; x_wconf 84' lang='lat' dir='ltr'><strong>arbitror</strong></span> <span class='ocrx_word' id='word_1_346' title='bbox 2243 4273 2557 4347; x_wconf 85' lang='lat' dir='ltr'><strong>evectum,</strong></span> <span class='ocrx_word' id='word_1_347' title='bbox 2603 4274 2675 4333; x_wconf 88' lang='lat' dir='ltr'><strong>ut</strong></span> <span class='ocrx_word' id='word_1_348' title='bbox 2716 4266 2866 4332; x_wconf 90' lang='lat' dir='ltr'><strong>reli-</strong></span> 
     </span>
     <span class='ocr_line' id='line_1_38' title="bbox 202 4370 2864 4467; baseline -0.003 -21"><span class='ocrx_word' id='word_1_349' title='bbox 202 4381 460 4467; x_wconf 91' lang='lat' dir='ltr'><strong>gionem</strong></span> <span class='ocrx_word' id='word_1_350' title='bbox 506 4379 646 4466; x_wconf 85' lang='lat' dir='ltr'><strong>ejus</strong></span> <span class='ocrx_word' id='word_1_351' title='bbox 692 4377 1008 4465; x_wconf 83' lang='lat' dir='ltr'><strong>negligam</strong></span> <span class='ocrx_word' id='word_1_352' title='bbox 1052 4395 1133 4441; x_wconf 91' lang='lat' dir='ltr'><strong>ac</strong></span> <span class='ocrx_word' id='word_1_353' title='bbox 1175 4395 1385 4439; x_wconf 86' lang='lat' dir='ltr'><strong>mores</strong></span> <span class='ocrx_word' id='word_1_354' title='bbox 1430 4371 1778 4453; x_wconf 87' lang='lat' dir='ltr'><strong>hominum,</strong></span> <span class='ocrx_word' id='word_1_355' title='bbox 1835 4373 1947 4459; x_wconf 89' lang='lat' dir='ltr'><strong>qui</strong></span> <span class='ocrx_word' id='word_1_356' title='bbox 1989 4373 2118 4459; x_wconf 86' lang='lat' dir='ltr'><strong>jam</strong></span> <span class='ocrx_word' id='word_1_357' title='bbox 2162 4370 2275 4440; x_wconf 88' lang='lat' dir='ltr'><strong>diu</strong></span> <span class='ocrx_word' id='word_1_358' title='bbox 2320 4371 2590 4460; x_wconf 83' lang='lat' dir='ltr'><strong>collapsi</strong></span> <span class='ocrx_word' id='word_1_359' title='bbox 2630 4373 2864 4459; x_wconf 86' lang='lat' dir='ltr'><strong>jacent,</strong></span> 
     </span>
     <span class='ocr_line' id='line_1_39' title="bbox 203 4475 2863 4566; baseline -0.003 -14"><span class='ocrx_word' id='word_1_360' title='bbox 203 4493 627 4566; x_wconf 86' lang='lat' dir='ltr'><strong>contemnam,</strong></span> <span class='ocrx_word' id='word_1_361' title='bbox 672 4481 791 4550; x_wconf 88' lang='lat' dir='ltr'><strong>sed</strong></span> <span class='ocrx_word' id='word_1_362' title='bbox 836 4490 909 4549; x_wconf 86' lang='lat' dir='ltr'><strong>nt</strong></span> <span class='ocrx_word' id='word_1_363' title='bbox 940 4481 1116 4548; x_wconf 82' lang='lat' dir='ltr'><strong>illam</strong></span> <span class='ocrx_word' id='word_1_364' title='bbox 1143 4480 1525 4559; x_wconf 86' lang='lat' dir='ltr'><strong>confirmem,</strong></span> <span class='ocrx_word' id='word_1_365' title='bbox 1568 4475 1689 4543; x_wconf 88' lang='lat' dir='ltr'><strong>hos</strong></span> <span class='ocrx_word' id='word_1_366' title='bbox 1714 4497 1868 4544; x_wconf 84' lang='lat' dir='ltr'><strong>vero</strong></span> <span class='ocrx_word' id='word_1_367' title='bbox 1911 4477 2274 4545; x_wconf 85' lang='lat' dir='ltr'><strong>instaurem.</strong></span> <span class='ocrx_word' id='word_1_368' title='bbox 2364 4476 2627 4546; x_wconf 76' lang='lat' dir='ltr'><strong>Videtis</strong></span> <span class='ocrx_word' id='word_1_369' title='bbox 2672 4478 2863 4559; x_wconf 86' lang='lat' dir='ltr'><strong>enim,</strong></span> 
     </span>
     <span class='ocr_line' id='line_1_40' title="bbox 206 4581 2862 4679; baseline -0.002 -21"><span class='ocrx_word' id='word_1_370' title='bbox 206 4601 277 4658; x_wconf 89' lang='lat' dir='ltr'><strong>ut</strong></span> <span class='ocrx_word' id='word_1_371' title='bbox 318 4589 609 4679; x_wconf 84' lang='lat' dir='ltr'><strong>quotidie</strong></span> <span class='ocrx_word' id='word_1_372' title='bbox 670 4589 897 4676; x_wconf 87' lang='lat' dir='ltr'><strong>religio</strong></span> <span class='ocrx_word' id='word_1_373' title='bbox 964 4586 1311 4655; x_wconf 84' lang='lat' dir='ltr'><strong>christiana</strong></span> <span class='ocrx_word' id='word_1_374' title='bbox 1352 4584 1676 4665; x_wconf 84' lang='lat' dir='ltr'><strong>minuitur,</strong></span> <span class='ocrx_word' id='word_1_375' title='bbox 1743 4591 1816 4649; x_wconf 91' lang='lat' dir='ltr'><strong>ut</strong></span> <span class='ocrx_word' id='word_1_376' title='bbox 1858 4583 2036 4671; x_wconf 85' lang='lat' dir='ltr'><strong>leges</strong></span> <span class='ocrx_word' id='word_1_377' title='bbox 2094 4583 2178 4652; x_wconf 91' lang='lat' dir='ltr'><strong>ab</strong></span> <span class='ocrx_word' id='word_1_378' title='bbox 2246 4585 2524 4672; x_wconf 88' lang='lat' dir='ltr'><strong>antiquis</strong></span> <span class='ocrx_word' id='word_1_379' title='bbox 2571 4581 2862 4672; x_wconf 76' lang='lat' dir='ltr'><strong>pati-ihm</strong></span> 
     </span>
     <span class='ocr_line' id='line_1_41' title="bbox 203 4688 2860 4782; baseline -0.003 -16"><span class='ocrx_word' id='word_1_380' title='bbox 203 4698 478 4766; x_wconf 77' lang='lat' dir='ltr'><strong>traditae</strong></span> <span class='ocrx_word' id='word_1_381' title='bbox 521 4703 898 4782; x_wconf 72' lang='lat' dir='ltr'><strong>ceteraeque</strong></span> <span class='ocrx_word' id='word_1_382' title='bbox 944 4694 1211 4761; x_wconf 75' lang='lat' dir='ltr'><strong>virtutes</strong></span> <span class='ocrx_word' id='word_1_383' title='bbox 1274 4712 1391 4779; x_wconf 89' lang='lat' dir='ltr'><strong>pro</strong></span> <span class='ocrx_word' id='word_1_384' title='bbox 1436 4689 1637 4757; x_wconf 87' lang='lat' dir='ltr'><strong>nihilo</strong></span> <span class='ocrx_word' id='word_1_385' title='bbox 1665 4688 2034 4758; x_wconf 82' lang='lat' dir='ltr'><strong>habeantur.</strong></span> <span class='ocrx_word' id='word_1_386' title='bbox 2125 4689 2323 4757; x_wconf 78' lang='lat' dir='ltr'><strong>Multi</strong></span> <span class='ocrx_word' id='word_1_387' title='bbox 2363 4692 2530 4757; x_wconf 86' lang='lat' dir='ltr'><strong>enim</strong></span> <span class='ocrx_word' id='word_1_388' title='bbox 2577 4698 2860 4757; x_wconf 81' lang='lat' dir='ltr'><strong>veterem</strong></span> 
     </span>
     <span class='ocr_line' id='line_1_42' title="bbox 202 4793 2862 4892; baseline -0.004 -19"><span class='ocrx_word' id='word_1_389' title='bbox 202 4805 379 4873; x_wconf 89' lang='lat' dir='ltr'><strong>illam</strong></span> <span class='ocrx_word' id='word_1_390' title='bbox 425 4802 907 4892; x_wconf 77' lang='lat' dir='ltr'><strong>simplieitatem</strong></span> <span class='ocrx_word' id='word_1_391' title='bbox 950 4801 1021 4868; x_wconf 89' lang='lat' dir='ltr'><strong>in</strong></span> <span class='ocrx_word' id='word_1_392' title='bbox 1063 4796 1377 4881; x_wconf 76' lang='lat' dir='ltr'><strong>fraudem,</strong></span> <span class='ocrx_word' id='word_1_393' title='bbox 1432 4793 1826 4887; x_wconf 78' lang='lat' dir='ltr'><strong>probitatem</strong></span> <span class='ocrx_word' id='word_1_394' title='bbox 1870 4796 1937 4862; x_wconf 90' lang='lat' dir='ltr'><strong>in</strong></span> <span class='ocrx_word' id='word_1_395' title='bbox 1983 4796 2350 4888; x_wconf 78' lang='lat' dir='ltr'><strong>nequitiam,</strong></span> <span class='ocrx_word' id='word_1_396' title='bbox 2414 4794 2862 4864; x_wconf 80' lang='lat' dir='ltr'><strong>liberalitatem</strong></span> 
     </span>
    </p>
   </div>
  </div>
 </body>
</html>
