3525 5525
1554 448 1594 511 9

225 632 579 716 dicuntur,
625 635 952 702 stellarum
997 658 1076 704 ac
1104 637 1289 703 lunae
1321 637 1602 724 solisque
1647 633 1909 703 orbibus
1956 635 2090 701 suis
2121 656 2199 702 ιο
2227 641 2585 722 temporum
2629 654 2912 699 momen-

217 741 322 805 tis
372 739 741 830 descriptos
786 763 1011 809 cursus
1077 751 1269 831 atque
1312 743 1490 810 illinc
1533 741 1619 809 ad
1662 748 1962 809 concreta
2025 749 2216 828 atque
2261 762 2300 806 e
2341 739 2597 807 diversa
2649 760 2728 807 ιο
2771 737 2906 806 dis-

219 846 442 912 simili
509 849 779 914 materia
853 850 1215 915 constantia
1283 871 1571 935 corpora,
1645 870 1809 935 quae
1877 847 2193 913 elementa
2259 844 2552 926 dicimus,
2627 852 2904 912 mentem

217 959 438 1039 atque
484 953 710 1019 oculos
773 954 1122 1021 referamus
1188 964 1257 1021 et
1301 976 1539 1037 eorum,
1601 976 1766 1043 quae
1824 955 1912 1020 sit
1954 953 2320 1039 conjunctio
2384 959 2451 1019 et
2503 953 2690 1039 quasi
2731 971 2906 1019 com·

220 1059 483 1143 pactio,
545 1061 1084 1148 contemplemur:
1152 1061 1581 1149 intelligemus
1650 1061 1962 1150 profecte,
2030 1082 2221 1146 quam
2283 1057 2445 1126 haec
2514 1059 2729 1126 omnia
2791 1080 2911 1145 pro

214 1172 378 1229 rata
449 1186 569 1230 sua
615 1174 799 1253 parte
867 1188 946 1233 ac
992 1169 1281 1255 portione
1326 1169 1723 1236 continenter
1792 1168 1927 1232 suis
1995 1166 2349 1253 funguntur
2413 1164 2786 1233 muneribus
2829 1186 2909 1232 ac

220 1278 469 1336 mutuo
516 1271 858 1360 complexu
902 1295 982 1340 ιο
1023 1275 1487 1362 temperatione
1532 1273 1818 1340 vicissim
1877 1269 2004 1340 sibi
2045 1269 2422 1338 deserviunt
2464 1279 2534 1339 et
2575 1268 2908 1359 obtempe-

219 1384 388 1444 rant
433 1399 650 1444 rerum
712 1381 994 1446 omnium
1057 1380 1432 1468 primordia:
1504 1381 1666 1448 lucis
1721 1399 1800 1445 ac
1843 1375 2265 1457 tenebrarum,
2338 1383 2575 1458 aestus,
2648 1376 2907 1466 frigoris

226 1482 731 1550 vicissitudines
777 1486 1072 1567 existere,
1138 1489 1491 1553 animantes
1537 1486 1831 1575 spiritum
1875 1483 2128 1565 ducere,
2189 1491 2424 1552 cuncta
2466 1484 2697 1563 foveri,
2759 1504 2908 1551 eoa-

218 1588 506 1670 lescere,
572 1592 791 1677 augeri
858 1599 927 1659 et
989 1600 1205 1678 partes
1268 1593 1548 1681 singulas
1615 1614 1692 1659 ac
1749 1593 1952 1657 totius
2018 1591 2507 1679 perpetuitatem
2567 1591 2909 1678 propagari

220 1702 344 1782 atq
355 1717 440 1760 ue
488 1694 651 1762 haec
695 1694 954 1764 divinae
1006 1698 1177 1765 illius
1222 1700 1417 1788 pacis,
1484 1699 1666 1786 cujus
1711 1697 1869 1763 mihi
1911 1695 2218 1763 hodierno
2280 1694 2387 1763 die
2433 1698 2626 1763 toties
2672 1717 2904 1762 nomen

224 1822 311 1867 us
573 1823 701 1885 um,
767 1804 838 1870 vi
908 1802 1139 1871 effecta
1207 1813 1371 1871 sunt.
1463 1804 1589 1872 Per
1652 1803 1818 1871 hanc
1863 1804 2033 1870 enim
2099 1803 2281 1869 firmo
2351 1810 2655 1889 arctoque
2716 1824 2906 1883 nexu,

221 1929 428 1993 quam
509 1908 769 1995 sapiens
837 1916 1026 1997 poeta
1098 1933 1353 1977 auream
1419 1920 1711 1979 catenam
1783 1909 2193 1997 nuncupavit,
2260 1930 2406 1975 cum
2465 1910 2611 1976 imis
2675 1907 2906 1989 media,

219 2034 382 2080 cum
428 2014 516 2079 iis
564 2034 812 2081 summa
856 2017 1229 2083 vinciuntur
1273 2025 1340 2084 et
1382 2017 1780 2106 copulantur.
1874 2014 2001 2081 Per
2044 2013 2210 2082 hanc
2254 2013 2549 2082 diversae
2576 2036 2655 2081 ac
2678 2023 2904 2081 natura

224 2121 432 2187 etiam
498 2119 891 2189 dissidentes
938 2123 1183 2190 formae
1228 2121 1312 2192 ab
1358 2123 1702 2212 longinquo
1775 2131 2184 2210 extremoque
2230 2120 2471 2189 ambitu
2520 2120 2779 2210 paribus
2825 2143 2903 2186 ac

225 2224 614 2313 aequalibus
658 2228 1014 2295 intervallis
1059 2228 1145 2296 ad
1189 2229 1469 2297 medium
1515 2239 1583 2297 et
1624 2231 1925 2296 intimum
1971 2229 2154 2314 quasi
2196 2235 2521 2316 punctum,
2567 2224 2652 2293 ad
2694 2227 2901 2312 ipsius

221 2332 487 2399 scilicet
529 2335 777 2399 aeterni
820 2335 952 2401 Dei
995 2335 1401 2424 Maiestatem
1448 2359 1526 2403 ac
1574 2339 1927 2426 potentiam
1977 2334 2342 2402 referuntur
2403 2355 2479 2400 ac
2525 2342 2907 2399 revocantur

220 2445 424 2525 atque
472 2436 561 2505 ab
602 2438 730 2505 hoc
774 2441 977 2508 veluti
1020 2441 1202 2508 fonte
1247 2444 1473 2520 omnis,
1519 2464 1709 2531 quam
1761 2443 1864 2509 vel
1907 2463 2098 2508 sensu
2130 2440 2520 2529 percipimus
2551 2438 2657 2505 vel
2687 2439 2901 2505 animo

222 2565 306 2609 ιο
348 2545 608 2610 ratione
675 2544 1038 2624 lustramus,
1107 2548 1348 2614 utilitas
1417 2556 1486 2615 et
1530 2547 1941 2636 pulchritudo
1997 2546 2334 2638 derivavit.
2423 2542 2626 2624 Quod
2669 2546 2728 2610 si
2770 2543 2901 2610 Dei

220 2650 555 2734 permissu
623 2672 758 2732 eae,
820 2673 980 2739 quas
1050 2661 1202 2719 ante
1249 2654 1735 2733 nominavimus,
1799 2653 1973 2720 facto
2017 2654 2263 2740 impetu
2335 2673 2408 2718 se
2468 2647 2781 2718 invadant
2823 2673 2901 2716 ac

231 2754 402 2823 locis
451 2754 915 2845 ordinibusque
961 2758 1097 2825 suis
1142 2758 1407 2825 alteram
1468 2759 1667 2826 altera
1712 2758 2054 2827 deturbare
2098 2757 2448 2826 contendat
2488 2779 2566 2824 ιο
2610 2767 2899 2824 mutuum

229 2862 435 2928 etiam
483 2859 612 2930 sibi
679 2864 987 2930 auxilium
1051 2864 1222 2931 ferre
1266 2874 1579 2946 recusent,
1642 2888 1808 2953 quae
1855 2867 1953 2933 vis
1996 2867 2124 2953 jam
2170 2862 2484 2933 obsistere
2530 2871 2640 2930 aut
2682 2864 2899 2951 prohi-

222 2965 385 3034 bere
435 2969 662 3056 possit,
730 2970 885 3056 quin
954 2972 1171 3037 statim
1217 2973 1577 3037 universam
1622 2971 1790 3039 hanc
1835 2972 2057 3039 muudi
2123 2971 2479 3039 machinam
2525 2968 2897 3036 humoribus

226 3072 495 3155 diluvii,
556 3073 915 3157 ardoribus,
982 3076 1494 3164 conflagratione,
1559 3078 1844 3146 tenebris
1909 3078 2165 3161 obduci,
2228 3078 2528 3165 dissipari
2574 3083 2900 3163 postremo

226 3187 431 3268 atque
500 3181 762 3248 interire
806 3181 1183 3249 videamus?
1273 3185 1415 3272 Age
1461 3206 1632 3266 vero,
1696 3208 1858 3272 quae
1907 3194 2019 3251 aut
2075 3187 2336 3274 propria
2401 3183 2677 3250 hominis
2745 3190 2900 3248 sunt

225 3284 404 3354 bona
451 3292 564 3353 aut
607 3287 672 3353 ei
714 3286 1020 3375 adjuncta
1063 3311 1142 3356 ac
1186 3289 1521 3356 familiaria
1578 3291 2073 3373 consideremus,
2138 3293 2284 3380 quis
2331 3301 2433 3357 est
2473 3300 2606 3357 tam
2670 3307 2898 3356 sensus

223 3394 594 3459 communis
641 3415 892 3480 expers,
953 3397 1106 3482 quin
1165 3417 1244 3462 ea
1285 3395 1601 3484 intelligat
1661 3399 1804 3485 ipsa
1845 3399 2156 3487 imprimis
2219 3419 2379 3484 pace
2446 3397 2567 3461 niti
2633 3416 2711 3460 ac
2755 3415 2896 3459 sus·

218 3499 505 3565 tentari?

449 3603 790 3672 Praeclara
835 3613 989 3672 sunt
1030 3614 1220 3694 atque
1264 3607 1682 3688 admirabilia,
1744 3632 1909 3695 quae
1952 3610 2019 3675 in
2064 3608 2358 3676 humanis
2402 3609 2631 3675 animis
2675 3609 2897 3674 insunt

220 3708 417 3787 bona,
464 3732 631 3797 quae
676 3731 826 3777 cum
856 3712 1093 3800 partim
1137 3710 1223 3778 ad
1249 3714 1695 3800 cognitionem,
1739 3716 1971 3801 partim
2016 3713 2102 3781 ad
2144 3717 2461 3782 actionem
2507 3714 2893 3782 referantur:

217 3814 326 3882 his
374 3823 579 3893 certe,
638 3837 804 3903 quae
848 3816 1278 3904 cognoscendi
1322 3827 1471 3885 sunt
1517 3827 1748 3906 partes,
1805 3818 1972 3887 bene
2014 3822 2184 3886 iuter
2245 3844 2316 3887 se
2361 3819 2893 3888 convenientibus

219 3922 651 4009 purissimum
696 3923 932 3990 emicat
975 3930 1167 4010 atque
1212 3924 1724 3992 efficacissimum
1771 3927 2230 4014 intelligentiae
2274 3929 2510 4010 lumen,
2553 3936 2622 3994 at
2664 3929 2723 3993 si
2766 3951 2894 4015 qua

219 4030 292 4095 vi
338 4035 461 4095 aut
505 4026 862 4095 offensione
924 4028 1397 4096 confundantur
1461 4040 1573 4098 aut
1634 4032 2101 4119 perturbentur,
2169 4033 2440 4102 obtundi
2484 4055 2747 4101 necesse
2791 4043 2895 4100 est

221 4134 548 4201 humanae
615 4136 851 4202 mentis
910 4157 1195 4216 acumen,
1264 4135 1572 4223 judicium
1617 4137 2009 4220 labefactari,
2076 4139 2369 4208 subverti
2412 4142 2780 4207 memoriam
2826 4150 2893 4208 et

224 4242 602 4310 comminui.
694 4240 845 4308 Jam
876 4262 1030 4309 vero
1056 4243 1124 4309 in
1155 4243 1326 4309 vitae
1353 4242 1710 4311 actionibus
1740 4246 1799 4310 si
1825 4245 2070 4313 fuerint
2096 4249 2164 4314 in
2194 4249 2391 4313 animi
2435 4247 2639 4314 nostri
2681 4254 2893 4312 motus

217 4348 464 4415 rationi
524 4349 962 4430 consentanei,
1046 4357 1319 4436 quantus
1386 4351 1454 4415 in
1520 4348 1712 4418 dictis
1777 4352 2052 4419 saetisve
2119 4352 2414 4421 omnibus
2484 4354 2738 4421 virtutis
2823 4359 2893 4418 et

215 4476 370 4522 cum
418 4454 663 4522 virtute
707 4455 1036 4541 conjuncti
1077 4454 1278 4521 officii
1320 4454 1517 4524 decor
1559 4464 1628 4523 et
1670 4458 2083 4545 pulchritudo
2145 4461 2381 4527 eminet
2439 4468 2631 4548 atque
2678 4459 2890 4525 eluce-

214 4562 397 4629 scit?
487 4559 692 4638 Quod
735 4561 794 4626 si
835 4561 887 4627 ii
929 4581 1048 4647 per
1088 4560 1424 4629 dissidium
1480 4570 1549 4629 et
1589 4562 1976 4631 discordiam
2020 4588 2062 4632 a
2104 4568 2282 4646 recti,
2328 4570 2595 4634 rationis
2640 4568 2891 4634 scilicet

213 4668 425 4755 ipsius
494 4665 716 4734 officio
783 4665 1215 4747 discesserint,
1290 4667 1446 4755 quid
1511 4671 1780 4754 cogitari
1845 4670 2061 4739 dicive
2129 4683 2242 4740 aut
2284 4676 2424 4761 geri
2470 4682 2701 4761 potest,
2760 4675 2888 4740 nisi

213 4771 595 4842 vecorditer
635 4794 716 4841 ac
760 4770 1199 4843 turbulenter?
1286 4774 1570 4843 Maxime
1614 4779 1942 4865 expetitur
2003 4787 2195 4868 atque
2263 4782 2457 4849 etiam
2531 4783 2891 4848 necessaria
