3525 5525
1464 463 1677 566 ιι,

395 668 488 736 Ut
532 666 745 737 autem
791 655 950 737 haec
1019 674 1232 739 omnia
1277 671 1649 759 diligentius
1695 678 1762 737 et
1806 671 2007 737 tutius
2053 672 2266 740 facere
2310 674 2571 761 possim,
2637 665 2829 763 cupio

180 775 387 841 etiam‘
416 797 563 842 cum
609 779 883 845 maxima
930 782 1113 867 regni
1158 780 1286 846 mei
1331 788 1397 846 et
1442 799 1632 867 opum
1680 779 1926 865 jactura
1970 800 2195 867 pacem
2241 799 2388 844 cum
2434 780 2828 868 principibus

172 880 540 949 christianis
617 905 997 973 componere
1064 894 1254 974 atque
1322 887 1586 952 firmare.
1677 884 2009 974 Speroque
2074 907 2219 953 meo
2282 883 2500 953 labore
2571 908 2829 975 magnas

179 990 644 1056 controversias
710 989 1007 1057 dirimere
1075 1000 1142 1058 et
1204 999 1404 1059 totam
1452 991 1707 1059 Italiam
1752 992 2025 1057 miseriis
2073 1012 2149 1060 ac
2194 1000 2367 1058 metu
2413 990 2699 1071 liberare,
2774 995 2832 1060 si

180 1115 301 1180 qua
344 1086 675 1162 hominum
721 1098 1042 1185 aequitate
1087 1120 1189 1165 res
1236 1098 1321 1166 ad
1365 1100 1565 1165 otium
1596 1097 1831 1166 deduci
1861 1100 2114 1186 poterit.
2205 1097 2450 1166 Verum
2476 1101 2645 1166 enim
2676 1122 2831 1168 vero

182 1220 359 1285 spem
406 1199 615 1268 habeo
659 1204 1020 1283 maximam,
1089 1226 1192 1271 me
1237 1203 1395 1271 haec
1441 1208 1650 1271 omnia
1711 1205 1952 1293 ingenii
2014 1206 2143 1271 mei
2185 1204 2492 1273 facilitate
2537 1214 2833 1294 peractu-

179 1328 332 1372 rum.
422 1305 857 1385 Quamobrem
911 1309 1086 1376 haud
1149 1308 1394 1392 dubito,
1443 1312 1598 1397 quin
1666 1311 1849 1378 Deus
1913 1332 2067 1378 suae
2134 1311 2457 1399 religionis
2532 1314 2832 1382 misertus

180 1411 296 1479 hac
343 1436 487 1479 mea
530 1415 598 1479 in
643 1414 896 1482 Italiam
942 1416 1337 1504 profectione
1395 1415 1578 1499 illud,
1650 1414 1825 1503 quod
1870 1415 2027 1483 mihi
2074 1419 2346 1484 maxime
2393 1427 2496 1485 est
2537 1421 2606 1485 in
2651 1430 2833 1510 opta-

178 1520 281 1601 tis,
328 1541 459 1586 non
505 1519 709 1587 solum
758 1531 1058 1610 praestet,
1125 1532 1197 1589 ιιι
1241 1545 1367 1612 pax
1428 1525 1598 1590 inter
1664 1524 1996 1591 universos
2062 1522 2440 1592 christianae
2507 1526 2833 1615 religionis

180 1649 360 1715 reges
408 1636 601 1717 atque
647 1630 968 1717 principes
1013 1631 1283 1710 ineatur,
1356 1652 1595 1711 verum,
1666 1639 1737 1697 ut
1783 1653 1884 1696 me
1929 1631 2073 1719 ipso
2120 1639 2379 1698 auctore
2447 1636 2833 1702 consociatis

182 1736 462 1800 omnium
533 1737 725 1802 armis
810 1738 876 1801 in
944 1739 1184 1803 Turcas
1257 1739 1746 1814 transmittatur,
1820 1759 1945 1824 quo
2015 1745 2082 1804 et
2136 1740 2404 1826 pristina
2448 1739 2835 1808 christianae

181 1840 506 1929 religionis
552 1844 693 1929 jura
735 1852 1191 1933 recuperentur
1237 1852 1304 1910 et
1365 1844 1478 1911 illa
1522 1866 1638 1932 pro
1686 1843 1929 1912 viribus
1976 1846 2168 1911 etiam
2215 1854 2405 1933 atque
2453 1848 2643 1914 etiam
2689 1872 2835 1936 pro-

182 1957 464 2037 pagetur.

392 2056 612 2136 Quare
660 2080 778 2125 vos
825 2058 1062 2139 hortor,
1109 2060 1231 2125 viri
1277 2061 1520 2147 optimi,
1565 2082 1646 2125 ne
1694 2081 1905 2126 meum
1952 2059 2124 2126 hunc
2169 2080 2208 2124 a
2244 2059 2430 2128 vobis
2475 2060 2833 2131 discessum

182 2185 365 2251 aegre
432 2164 676 2247 feratis,
765 2167 1115 2251 quinimmo
1175 2188 1381 2232 meam
1427 2164 1614 2233 vobis
1684 2174 1832 2233 ante
1902 2166 2121 2233 oculos
2196 2168 2498 2235 virtutem
2566 2168 2836 2259 diligen-

183 2272 461 2358 tiamque
509 2274 899 2360 proponatis,
944 2273 1188 2341 factum
1234 2274 1470 2340 totiens
1501 2295 1645 2339 cum
1687 2272 1979 2340 hostibus
2026 2276 2486 2363 potentissimis
2523 2284 2590 2343 et
2631 2279 2836 2347 invie—

182 2382 443 2445 tissimis
491 2379 861 2468 periculum,
927 2402 1085 2467 quos
1131 2390 1405 2448 armatos
1452 2383 1685 2448 totiens
1732 2384 2048 2470 superavi.
2138 2382 2450 2469 Magnum
2496 2382 2674 2464 mihi,
2743 2388 2835 2451 uti

184 2486 490 2555 hactenus
535 2488 682 2570 fuit,
726 2511 768 2554 a
811 2488 954 2555 Deo
1001 2510 1187 2577 spero
1234 2487 1638 2577 praesidium,
1694 2510 1923 2577 magna
1968 2490 2068 2557 vis
2115 2497 2214 2556 est
2257 2490 2705 2572 conscientiae,
2772 2499 2837 2558 et

185 2595 373 2660 etiam
418 2596 488 2660 in
536 2593 719 2662 nobis
780 2596 836 2660 is
883 2596 1129 2661 animus
1176 2602 1294 2675 est,
1339 2602 1413 2661 ut
1484 2617 1612 2662 non
1674 2594 1867 2662 modo
1931 2596 2225 2662 inimicos
2296 2618 2422 2662 non
2483 2597 2836 2678 timeamus,

184 2701 295 2770 sed
362 2703 595 2791 impios
665 2701 829 2769 ultro
893 2702 1299 2770 lacessamus.
1389 2701 1607 2780 Quare
1679 2699 1842 2769 illud
1909 2703 2251 2788 perficiam,
2313 2702 2558 2790 opinor,
2627 2710 2698 2770 ιιι
2739 2725 2840 2783 ea,

184 2830 342 2894 quae
387 2812 577 2896 gessi,
635 2818 817 2876 tuear
859 2816 1050 2896 atque
1096 2830 1316 2874 ornem
1362 2815 1446 2888 et,
1514 2809 1571 2873 si
1616 2829 1741 2894 qua
1789 2816 1891 2874 est
1952 2806 2198 2875 invidia
2259 2809 2326 2874 in
2390 2809 2837 2877 conservando

184 2936 378 3001 regno
422 2937 564 2981 meo
619 2922 686 2980 et
729 2912 1195 3003 amplificandO,
1262 2920 1564 3002 suscepta
1608 2912 1821 2981 laedat
1863 2913 2138 2992 invidos,
2206 2913 2366 2980 mihi
2429 2937 2585 2982 vero
2646 2914 2840 3004 pluri-

186 3043 355 3087 mum
401 3022 611 3109 prosit
656 3019 742 3088 ad
784 3022 1050 3110 gloriam
1096 3022 1562 3109 sempiternam.
1654 3020 1796 3088 Vos
1841 3022 2052 3109 igitur,
2097 3022 2221 3089 viri
2266 3020 2562 3110 Hispani,
2606 3022 2689 3090 de
2735 3045 2839 3088 me

184 3128 408 3194 timere
454 3126 732 3196 desinite
776 3135 843 3195 et
888 3137 1105 3195 vestra
1152 3129 1477 3195 unanimes
1540 3148 1793 3194 mecum
1840 3126 2187 3195 defendite.
2278 3127 2449 3194 Nam
2497 3136 2569 3195 ut
2612 3151 2841 3218 perpe-

185 3242 294 3302 tuo
339 3236 408 3301 in
456 3257 615 3324 pace
661 3255 806 3300 esse
878 3234 1159 3322 possitis,
1224 3256 1415 3320 quam
1481 3232 1968 3321 diligentissime
2035 3232 2391 3320 providebo
2455 3232 2840 3322 curaboque,

188 3351 257 3408 ut
300 3342 489 3431 longe
534 3343 785 3429 lateque
832 3342 1169 3430 imperium
1216 3346 1499 3407 nostrum
1544 3362 1691 3407 cum
1756 3363 2002 3407 summa
2048 3341 2251 3407 nostri
2323 3341 2596 3407 nominis
2641 3341 2844 3430 gloria

187 3458 505 3537 augeatur.
598 3448 687 3515 Et
731 3449 925 3515 sicuti
969 3469 1050 3514 ex
1095 3446 1386 3514 discessu
1446 3469 1588 3514 meo
1634 3456 1915 3515 maestos
1962 3456 2030 3514 et
2072 3449 2287 3515 tristes
2335 3469 2452 3515 vos
2501 3469 2644 3514 esse
2691 3470 2843 3515 con-

186 3537 410 3643 spicio,
451 3554 797 3645 ita‘Jspero,
842 3555 1197 3641 composita
1242 3555 1410 3619 inter
1436 3553 1817 3621 christianos
1865 3575 2085 3621 omnes
2134 3575 2293 3643 pace
2339 3562 2531 3642 atque
2577 3576 2841 3622 concor-

187 3661 291 3730 dia
337 3684 417 3729 ac
460 3661 797 3730 debellatis
841 3662 1054 3748 impiis
1085 3659 1436 3727 Turcarum
1466 3662 1669 3748 copiis
1713 3668 1885 3727 terra
1915 3663 2199 3748 marique
2246 3684 2347 3728 me
2378 3662 2653 3728 maxima
2698 3682 2842 3727 cum

186 3767 432 3837 laetitia
479 3777 546 3836 et
590 3769 1018 3836 exsultatione
1064 3765 1561 3854 triumphantem
1607 3767 1957 3855 accipietis.
