3525 5525
2002 413 2043 476 8

699 605 1151 694 praedicarem.
1243 602 1440 682 Quod
1514 625 1665 670 sane
1741 622 1990 682 munus,
2079 623 2202 666 non
2279 602 2430 688 quia
2502 606 2614 665 aut
2691 598 2951 686 ingenio
3032 603 3145 664 aut
3226 597 3368 663 ulla

702 711 960 779 dicendi
1005 714 1193 800 copia
1248 732 1322 777 ac
1368 711 1436 777 vi
1481 709 1892 789 confiderem,
1959 707 2075 775 sed
2120 731 2258 774 eam
2306 729 2494 772 unam
2550 703 2635 773 ob
2680 726 2938 771 causam
2982 727 3021 770 a
3064 726 3167 770 me
3213 724 3365 770 sus-

702 827 975 906 ceptum,
1039 818 1212 905 quod
1256 838 1418 904 quae
1485 826 1557 883 ιιι
1625 815 1799 893 mihi,
1864 824 2046 903 pater
2113 814 2533 893 sanctissime,
2595 813 2997 900 imperasses,
3058 830 3366 877 recusare

703 923 883 990 nefas
927 931 1117 1011 atque
1161 925 1425 1011 impium
1491 944 1633 988 esse
1677 920 2006 988 ducerem:
2074 921 2200 1007 jam
2249 920 2446 1007 patris
2493 918 2741 998 summi,
2811 916 2925 982 filii
2968 923 3158 1003 atque
3203 915 3364 981 almi

701 1031 965 1117 spiritus
1011 1031 1315 1118 auspiciis
1361 1030 1566 1096 fretus
1630 1027 1964 1116 aggrediar
2007 1049 2083 1093 ac
2128 1028 2399 1114 primum
2461 1024 2740 1112 quidem,
2805 1022 2959 1089 dum
3031 1043 3149 1109 pro
3193 1030 3366 1087 tem-

703 1157 855 1222 pore
929 1133 1206 1217 brevius‚
1284 1157 1399 1222 pro
1462 1134 1785 1200 facultatis
1862 1135 1929 1198 in
1987 1131 2262 1199 dicendo
2334 1154 2512 1203 meae
2578 1131 2887 1197 tenuitate
2958 1128 3365 1212 submissius,

701 1263 891 1328 quam
938 1247 1006 1307 et
1048 1248 1265 1307 tantae
1310 1244 1403 1307 rei
1469 1239 1748 1329 dignitas
1813 1262 1888 1306 ac
1934 1238 2304 1327 magnitudo
2373 1246 2439 1304 et
2493 1236 2683 1324 hujus
2743 1257 3085 1304 concessus
3130 1233 3365 1324 ampli-

702 1345 859 1413 tudo
931 1368 1007 1413 ac
1079 1345 1417 1415 celebritas
1463 1346 1763 1435 postulat,
1839 1345 1922 1413 de
1995 1366 2155 1434 pace
2228 1365 2303 1411 ac
2370 1343 2455 1411 de
2520 1342 2831 1410 hodierna
2874 1342 3147 1408 maxime
3191 1365 3362 1430 pace

702 1452 900 1520 verba
943 1453 1135 1534 faci0,
1179 1462 1263 1533 te,
1309 1454 1600 1542 pontifex
1643 1454 1937 1534 maxime,
1981 1461 2067 1533 te,
2113 1454 2457 1539 imperator
2491 1450 2960 1538 augustissime,
3003 1469 3119 1515 oro
3164 1455 3364 1537 atque

700 1558 1006 1640 obtestor,
1068 1566 1142 1625 ut
1211 1561 1480 1627 actionis
1548 1580 1728 1625 meae
1793 1580 2045 1625 cursum
2129 1556 2485 1624 divinitatis
2556 1578 2636 1625 ac
2703 1556 3054 1643 maJestaus
3100 1562 3363 1623 vestrae

703 1687 859 1732 aura
929 1667 1415 1754 prosequamini.
1506 1666 1648 1734 Vos
1723 1667 1918 1731 etiam
1990 1663 2277 1742 obsecro,
2355 1672 2568 1752 patres
2636 1662 3029 1751 amplissimi,
3103 1668 3180 1727 ut
3253 1683 3364 1727 me

702 1779 945 1839 attente
988 1794 1065 1838 ac
1111 1769 1381 1860 benigne
1427 1772 1816 1839 auscultetis.

913 1877 1018 1944 De
1085 1897 1246 1966 pace
1312 1877 1617 1945 attentius
1678 1879 1991 1966 cogitanti
2058 1900 2203 1944 cnm
2270 1886 2404 1945 tam
2467 1879 2693 1965 ingens
2754 1897 2832 1943 ac
2876 1874 3215 1962 multiplex
3289 1895 3362 1940 se

701 1983 862 2050 mihi
922 1985 1220 2068 materies
1285 1983 1533 2064 offerat,
1599 1991 1673 2051 ut
1735 2005 1862 2051 non
1909 1992 2043 2050 tam
2087 1986 2359 2072 copiam,
2425 2006 2613 2071 quam
2658 1984 2729 2050 in
2771 1980 3050 2050 dicendo
3095 1978 3362 2047 modum

702 2090 1135 2179 quaerendum
1179 2092 1553 2179 intelligam,
1594 2094 1738 2180 ipsa
1782 2091 1941 2157 mihi
1985 2114 2176 2179 quam
2212 2090 2520 2158 facillime
2563 2092 2726 2157 ratio
2772 2085 3135 2177 persuadet,
3194 2105 3360 2173 quae

698 2197 767 2263 in
810 2220 1019 2263 rerum
1063 2206 1287 2264 natura
1332 2206 1627 2266 constant
1692 2196 1861 2266 bona
1907 2197 2316 2285 pulchraque,
2382 2199 2597 2264 omnia
2660 2200 2852 2286 pacis·
2899 2195 3102 2284 ipsius
3166 2194 3237 2260 vi
3281 2213 3360 2259 ac

703 2313 1020 2393 potestate
1086 2305 1402 2372 contineri
1469 2313 1662 2393 atque
1723 2304 1892 2372 hanc
1953 2303 2037 2372 ab
2091 2306 2276 2370 initio
2321 2326 2357 2371 e
2401 2304 2621 2371 divina
2664 2309 2878 2371 mente
2922 2322 3000 2369 ac
3043 2298 3359 2387 sapientia

702 2411 1041 2492 exstitisse,
1127 2432 1289 2498 quae
1353 2412 1636 2479 universi
1698 2433 2089 2499 compagem,
2162 2434 2347 2498 quem
2418 2409 2723 2478 mundum
2784 2408 3078 2488 dicimus,
3141 2403 3360 2473 stabili

701 2518 976 2603 partium
1022 2519 1327 2584 societate
1371 2525 1715 2605 mutuoque
1760 2519 1903 2584 nisu
1960 2525 2264 2585 tueretur.
2354 2518 2612 2585 Etenim
2684 2519 2744 2584 si
2817 2538 3028 2583 rerum
3071 2514 3244 2580 inter
3287 2533 3358 2577 se

701 2620 1097 2689 diversarum
1152 2625 1491 2690 consensio
1535 2624 1679 2711 ipsa
1725 2625 2230 2704 universitatem,
2288 2623 2360 2691 id
2405 2632 2506 2689 est
2561 2619 3022 2690 immutabilem
3066 2640 3148 2687 ac
3192 2641 3358 2686 sem-

704 2729 1024 2817 piternum
1097 2729 1512 2798 efficientium
1582 2752 1915 2798 causarum
1960 2738 2028 2798 et
2072 2730 2453 2798 effectorum
2522 2732 2801 2797 omnium
2870 2727 3160 2796 ordinem
3204 2749 3356 2795 con-

701 2842 938 2917 servat,
983 2843 1096 2903 aut
1140 2859 1280 2903 eam
1325 2839 1533 2926 ipsam
1576 2839 2062 2904 consensionem
2108 2836 2283 2903 aliud
2327 2858 2486 2919 esse,
2541 2859 2731 2924 quam
2780 2858 3022 2926 pacem,
3068 2842 3354 2901 statuen-

705 2940 857 3008 dum
904 2950 1023 3023 est,
1068 2951 1197 3024 aut,
1260 2946 1316 3009 si
1362 2966 1439 3010 ea
1483 2965 1611 3032 pax
1655 2952 1774 3024 est,
1838 2952 2206 3010 cunctarum
2281 2952 2456 3010 certe
2509 2964 2722 3010 rerum
2788 2941 3194 3009 conservatio
3247 2939 3357 3005 uni

704 3046 855 3114 huic
921 3057 1188 3138 accepta
1254 3050 1716 3137 pulcherrimae
1785 3059 1974 3137 atque
2040 3052 2319 3137 optimae
2363 3049 2725 3117 divinorum
2795 3071 3056 3138 operum
3101 3043 3357 3115 custodi

697 3155 893 3221 suerit
952 3155 1303 3223 referenda.
1407 3156 1587 3222 Nihil
1650 3156 1940 3244 profecto
1986 3158 2320 3244 quicquam
2393 3177 2731 3243 possumus
2795 3157 3031 3243 fingere
3098 3153 3352 3231 animis,

700 3263 1105 3348 cogitatione,
1152 3269 1264 3329 aut
1307 3263 1511 3330 oculis
1557 3263 1885 3352 pulchrius
1931 3284 2007 3329 ac
2053 3263 2273 3328 utilius
2304 3260 2863 3351 comprehendere,
2908 3282 3099 3347 quam
3145 3258 3352 3326 coele·

699 3370 894 3433 stium
960 3369 1049 3434 sit
1102 3372 1616 3456 terrestriumque
1679 3391 1756 3435 ac
1821 3369 2235 3436 humanarum
2303 3392 2511 3435 rerum
2580 3366 3016 3456 aequabilitas,
3083 3364 3246 3432 ordo
3291 3370 3355 3428 et

697 3475 1057 3540 constantia
1124 3483 1314 3561 atque
1377 3474 1541 3542 hanc
1604 3483 1866 3556 tantam,
1933 3482 2067 3541 tam
2130 3474 2568 3542 admirabilem
2632 3496 2709 3541 ac
2774 3495 2975 3562 prope
3040 3473 3351 3539 infinitam

696 3579 1234 3668 pulchritudinem
1301 3588 1367 3647 et
1422 3581 1779 3662 utilitatem,
1838 3602 1999 3668 quae
2045 3603 2147 3647 res
2194 3581 2318 3648 alia
2363 3582 2576 3668 potuit
2620 3580 2894 3661 efficere,
2962 3600 3155 3667 quam
3201 3599 3351 3645 con·

701 3688 1014 3754 sensionis
1061 3695 1128 3753 et
1172 3687 1495 3753 efficaciae
1540 3689 1658 3769 vis,
1704 3710 1895 3775 quam
1941 3710 2160 3776 pacem
2208 3687 2621 3776 appellamus,
2684 3686 2904 3754 divina
2948 3683 3351 3775 providentia

697 3814 775 3859 ac
849 3792 1073 3860 divino
1142 3795 1394 3881 spiritu,
1457 3793 1680 3861 mundi
1748 3801 1844 3878 (ut
1909 3797 2002 3862 ita
2068 3794 2361 3877 dixerim)
2426 3796 2679 3883 corpori
2756 3796 3018 3881 ejusque
3082 3790 3349 3879 singulis

696 3898 998 3966 membris
1043 3899 1258 3965 infusa
1321 3906 1388 3965 et
1433 3899 1733 3981 admixta,
1798 3899 1973 3987 quod
2017 3922 2170 3966 sane
2238 3922 2424 3966 nemo
2489 3898 2815 3980 dubitarit,
2880 3900 3006 3966 nisi
3069 3899 3184 3986 qui
3244 3901 3353 3962 ant

694 4004 858 4072 illud
902 4027 1264 4094 supremum
1300 4007 1504 4093 igneis
1553 4004 1815 4074 orbibus
1847 4006 2225 4074 distinctum
2270 4015 2337 4073 et
2379 4015 2670 4074 ornatum
2715 4007 2842 4073 Dei
2884 4007 3117 4073 summi
3162 4002 3349 4072 bene-

694 4113 904 4178 ficium
973 4119 1087 4179 aut
1150 4110 1391 4192 harum,
1459 4134 1617 4200 quas
1689 4114 2042 4181 animantes
2087 4113 2394 4195 incolunt,
2460 4113 2710 4180 sedium
2784 4112 3015 4180 molem
3082 4120 3195 4180 aut
3238 4130 3348 4199 po·

697 4226 934 4285 stremo
992 4218 1342 4285 animorum
1389 4226 1503 4286 aut
1545 4221 1884 4285 animantis
1914 4227 2175 4286 naturae
2205 4221 2507 4306 vigorem,
2552 4242 2826 4301 sensum,
2870 4225 3118 4285 motum
3146 4236 3346 4304 neque

694 4324 897 4390 oculis
964 4346 1227 4390 cernere
1294 4345 1500 4410 neque
1561 4326 1770 4412 possit
1831 4333 2045 4391 mente
2112 4333 2224 4391 ant
2288 4325 2709 4412 intelligentia
2752 4326 3078 4412 consequi.
3172 4318 3347 4404 Quid

695 4430 865 4496 enim
909 4431 977 4496 in
1022 4429 1122 4495 his
1168 4451 1295 4495 non
1341 4429 1631 4496 ordinem
1675 4431 2014 4518 locumque
2059 4453 2241 4497 suum
2289 4427 2577 4498 obtinet?
2621 4452 2748 4496 non
2793 4437 3004 4512 certos
3049 4438 3343 4516 ratesque

694 4543 908 4601 motus
953 4537 1084 4602 ciet
1128 4544 1423 4603 aeternae
1467 4538 1647 4625 pacis
1693 4536 2050 4604 inviolabili
2094 4537 2276 4624 lege?
2364 4535 2739 4602 Intueamur
2806 4558 3125 4603 summum
3171 4537 3343 4602 illum

694 4651 762 4709 et
805 4643 1268 4730 amplissimum
1335 4643 1501 4708 coeli
1563 4644 1870 4709 ambitum
1937 4651 2127 4730 atque
2184 4643 2577 4708 inhaerentia
2623 4643 2685 4708 ei
2727 4641 2935 4709 sidera
2979 4650 3341 4728 motumque

694 4749 830 4837 ejus
876 4771 1128 4816 omnem
1173 4771 1252 4817 ac
1295 4758 1668 4842 perpetuam
1698 4751 2197 4831 conversionem,
2240 4750 2599 4816 intueamur
2643 4748 2809 4830 illos,
2851 4771 3018 4837 quae
3064 4757 3341 4817 errantes
