3525 5525
1470 480 1550 551 17

159 695 345 763 qnos
393 672 506 741 ille
558 675 957 763 iniquissimo
998 674 1331 743 dominatu
1384 698 1726 765 oppressos
1772 697 1888 763 per
1930 676 2200 743 LXXX
2273 678 2401 764 jam
2448 677 2588 764 plus
2637 693 2837 743 annos

161 780 459 870 probris,
503 781 836 861 dedecore,
882 782 1288 850 contumeliis
1333 782 1568 866 affecit,
1629 782 1810 851 duris
1856 791 2050 871 atque
2094 782 2509 851 intolerandis
2552 785 2841 871 imperiis

160 888 439 971 afflixit,
507 892 679 957 omni
731 888 1007 977 denique
1080 887 1474 957 crudelitatis
1536 911 1768 977 genere
1811 889 2135 970 laceravit,
2198 913 2237 956 a
2281 888 2626 957 miserabili
2668 912 2840 956 nunc

159 1003 373 1081 atque
417 994 719 1064 diuturna
762 997 1072 1064 servitute
1116 994 1562 1064 vindicentur?
1650 996 1739 1062 Et
1783 994 1956 1083 quod
2001 1004 2101 1062 est
2144 996 2380 1063 certius
2425 996 2613 1084 hujus
2660 1000 2840 1084 pacis

162 1105 607 1190 propositum,
650 1105 757 1170 cui
802 1111 868 1170 et
912 1099 1355 1191 suscipiendae
1384 1103 1452 1168 in
1480 1102 1724 1170 Turcas
1772 1102 2195 1191 expeditionis
2240 1110 2309 1170 et
2351 1102 2841 1171 christianorum

160 1209 572 1276 liberationis
618 1231 811 1277 causa
867 1208 1230 1298 subscripta
1293 1212 1431 1276 est?
1520 1209 1611 1276 Et
1684 1230 1847 1297 quae
1904 1218 1970 1278 te
2018 1211 2159 1290 alia,
2226 1232 2465 1291 caesar,
2523 1231 2717 1278 causa
2760 1233 2843 1277 ex

162 1315 422 1383 ultimis
491 1318 677 1383 terris
739 1318 807 1383 in
875 1315 1128 1383 Italiam
1187 1317 1500 1397 evocavit,
1562 1317 1687 1382 nisi
1754 1324 1828 1382 ut
1894 1338 2055 1404 pace
2099 1317 2191 1383 rei
2236 1316 2531 1405 publicae
2587 1315 2844 1385 reddita

162 1424 460 1491 invictos
536 1425 854 1491 exercitus
930 1431 1081 1490 tuos
1146 1430 1368 1490 contra
1433 1429 1663 1489 tetram
1743 1422 1921 1488 illam
1999 1431 2065 1489 et
2137 1421 2462 1490 efferatam
2535 1425 2844 1513 sanguine

167 1537 404 1596 nostro
450 1529 708 1598 beluam
751 1537 1161 1598 converteres
1226 1551 1302 1597 ac
1349 1550 1524 1595 suam
1586 1528 1971 1608 Pannoniae,
2036 1551 2214 1595 suam
2262 1528 2597 1613 Graeciae,
2663 1552 2844 1597 suam

172 1643 281 1703 tot
330 1636 826 1703 christianorum
891 1635 1301 1703 nobilissimis
1371 1636 1622 1723 populis
1685 1633 2048 1702 libertatem
2094 1634 2435 1703 redderes?
2519 1636 2588 1704 Ο
2633 1635 2842 1704 dulcis

173 1741 647 1831 recipientibus
693 1741 975 1821 libertas,
1028 1740 1324 1809 reddenti
1367 1742 1680 1828 gloriosa!
1772 1741 1878 1807 Illi
1922 1741 2007 1810 ad
2050 1750 2134 1824 te,
2208 1764 2446 1825 caesar,
2489 1765 2570 1809 ex
2616 1743 2844 1811 floren-

171 1851 342 1915 tium
409 1849 562 1915 olim
624 1847 876 1916 urbium
947 1850 1149 1915 ruinis
1214 1856 1282 1915 et
1343 1846 1781 1924 cadaveribus,
1851 1848 2147 1935 squalore
2211 1856 2278 1917 et
2320 1848 2515 1916 foedo
2560 1852 2846 1938 corporis

171 1954 410 2023 habitu
486 1953 704 2037 obsiti,
778 1956 983 2022 macie
1056 1976 1132 2021 ac
1194 1954 1434 2041 pallore
1510 1954 1824 2042 perempti
1890 1954 2215 2042 supplices
2290 1978 2514 2023 manus
2558 1955 2849 2039 tendunt,

175 2068 367 2128 tunm
414 2060 544 2129 sibi
586 2061 971 2150 promissum
1043 2062 1234 2128 toties
1280 2067 1499 2128 vatum
1545 2058 2090 2147 praedicfionibus
2150 2082 2228 2129 ac
2293 2060 2531 2130 divinis
2576 2064 2848 2131 oraculis

180 2190 444 2246 nomen,
505 2174 682 2235 tuam
748 2166 969 2249 fidem,
1035 2174 1209 2233 tuam
1277 2164 1780 2233 misericordiam
1844 2167 2032 2235 taciti
2087 2190 2166 2236 ac
2224 2175 2402 2236 metu
2463 2172 2849 2258 compresds

176 2274 458 2343 vocibus
501 2275 876 2363 implorant:
949 2282 1063 2341 aut
1124 2295 1239 2362 per
1302 2280 1368 2339 te
1435 2294 1605 2339 nunc
1678 2295 1749 2339 se
1812 2271 2171 2342 libertatem
2238 2283 2694 2343 conaecuturos
2740 2284 2851 2343 aut

178 2382 526 2471 perpetuis
569 2380 952 2448 durissimae
1022 2380 1349 2446 servitutis
1417 2378 1691 2445 miseriis
1763 2377 2103 2446 damnatos
2148 2379 2530 2469 intelligunt.
2623 2381 2851 2469 Neque

181 2510 343 2558 vero
391 2487 712 2567 dubitant,
784 2488 938 2575 quin
982 2487 1299 2553 voluntati
1346 2486 1640 2572 votisque
1684 2486 1813 2551 tuis
1868 2487 2224 2553 certissima
2292 2489 2380 2554 sit
2422 2490 2691 2555 victoria
2752 2509 2853 2554 re-

180 2615 518 2682 sponsura.
608 2595 712 2660 Ex
769 2594 944 2660 fama
987 2594 1157 2659 enim
1200 2594 1359 2680 ipsa,
1431 2612 1614 2679 quae,
1684 2593 1840 2679 quin
1879 2615 2011 2679 quo
2056 2593 2215 2660 velit
2261 2593 2590 2679 pervadat,
2657 2594 2850 2661 nullis

186 2710 413 2790 potest
456 2703 646 2769 minis
692 2702 934 2783 terreri,
978 2700 1152 2767 nullo
1190 2700 1522 2789 proposito
1567 2705 1744 2766 metu
1790 2706 1902 2768 aut
1944 2720 2152 2788 poena
2181 2701 2476 2783 coerceri,
2522 2702 2677 2769 satis
2721 2703 2857 2789 jam

183 2819 609 2897 cognoscunt,
654 2818 719 2877 te
768 2809 1023 2888 virtute,
1082 2807 1444 2890 autoritate,
1505 2805 1833 2888 felicitate,
1899 2805 2148 2874 bellicis
2195 2815 2385 2894 atque
2428 2810 2851 2896 Mperatoriis

188 2916 463 2999 artibus,
528 2938 655 2983 non
721 2915 926 2983 solum
988 2911 1358 3001 aequalibus
1417 2914 1546 2981 tuis
1593 2911 1886 2982 omnibus
1950 2913 2482 3002 anteponendum,
2547 2914 2664 2983 sed
2701 2937 2854 2983 cum

186 3023 758 3111 praestantissimis
805 3023 1098 3090 maximis
1143 3022 1539 3109 superiorum
1586 3028 1867 3088 aetatum
1929 3019 2420 3110 imperatoribus
2475 3043 2852 3111 comparan-

187 3128 343 3197 dum
357 3154 377 3211 ς
452 3128 562 3195 illo
608 3151 778 3210 vei-0,
849 3130 955 3195 cui
1017 3148 1188 3194 nuuc
1253 3129 1561 3208 serviunt,
1630 3128 1830 3215 impio
1897 3135 2090 3214 atque
2164 3130 2518 3216 impotente
2571 3127 2857 3211 domino,

189 3235 515 3323 adjunctis
560 3236 934 3324 praesertim
977 3234 1063 3301 ad
1104 3254 1260 3321 opes
1305 3242 1449 3299 tuas
1496 3234 1812 3301 sociorum
1859 3234 2129 3313 auxiliis,
2173 3233 2492 3319 classium,
2539 3257 2855 3302 commea·

192 3350 373 3409 tuum
420 3348 748 3430 apparatu,
792 3342 1123 3429 copiarum
1166 3341 1362 3406 etiam
1408 3339 1845 3427 magnitudine
1890 3341 2149 3407 minime
2191 3340 2584 3422 inferiorem,
2627 3340 2858 3410 robore

195 3472 349 3516 vero
398 3449 587 3537 longo
630 3448 967 3516 intervallo
1013 3448 1404 3535 superiorem
1449 3447 1734 3514 futurum
1804 3447 2185 3535 intelligunt.
2274 3446 2732 3530 Quamobrem,
2800 3450 2857 3515 si

197 3578 420 3623 eorum
466 3555 809 3643 aliqnando
855 3556 1140 3622 locorum
1186 3555 1292 3621 vel
1337 3560 1654 3620 extremas
1724 3574 1872 3620 oras
1920 3575 1996 3620 ac
2039 3554 2226 3620 litora
2270 3555 2581 3640 attigeris,
2645 3555 2855 3620 conti-

194 3685 345 3730 nere
393 3683 465 3728 se
508 3684 638 3729 non
683 3668 1008 3750 poterunt,
1071 3661 1223 3747 quin
1270 3682 1340 3726 se
1387 3659 1556 3726 ultro
1612 3657 1696 3726 ad
1738 3666 1808 3725 te
1870 3681 2017 3726 cum
2064 3659 2443 3747 conjugibus
2516 3683 2593 3727 ac
2638 3659 2857 3728 liberis

197 3768 547 3837 effundant.
640 3768 858 3855 Atque
932 3767 1112 3847 haec,
1190 3786 1428 3846 caesar,
1505 3765 1887 3853 populorum
1960 3764 2083 3834 tibi
2164 3768 2326 3832 ratio
2390 3788 2619 3839 nomen
2661 3775 2855 3833 ,tuum

193 3874 657 3943 immortalitati
701 3871 1119 3941 consecrabit.
1209 3871 1341 3940 Sed
1387 3893 1514 3938 non
1581 3871 1683 3938 his
1754 3879 1971 3938 tamen
2039 3880 2137 3939 est
2209 3871 2438 3942 finibus
2500 3873 2704 3961 gloria
2743 3881 2861 3940 tua

198 3981 698 4069 circumscripta.
790 3978 1136 4068 Spei-amus
1185 3980 1354 4044 enim
1422 3984 1510 4062 (et
1552 4000 1716 4066 quae
1761 3985 1979 4066 potest
2023 3999 2167 4046 esse
2211 3977 2296 4046 de
2337 3988 2472 4047 tam
2517 3980 2861 4047 excellenti

198 4089 438 4155 virtute
480 4095 595 4155 tna
634 4095 939 4175 tantaque
985 4084 1156 4174 apud
1202 4108 1516 4152 summum
1584 4085 1798 4152 Deum
1857 4086 2065 4173 gratia
2127 4107 2292 4152 vana
2357 4086 2686 4155 hominum
2752 4108 2864 4152 ex-

202 4195 537 4283 spectatiO,
608 4202 719 4261 aut
763 4216 927 4281 quae
974 4214 1103 4259 non
1149 4202 1249 4261 est
1291 4201 1424 4260 tam
1468 4193 1688 4258 multis
1734 4214 1812 4259 ac
1858 4193 2117 4260 minime
2159 4194 2327 4260 inter
2372 4207 2460 4259 se·
2483 4191 2864 4281 discrepan-

198 4300 371 4370 tibus
416 4307 637 4368 vatum
681 4301 1006 4389 responsis
1051 4298 1210 4367 fides
1256 4297 1550 4366 habenda
1558 4301 1611 4380 ‘2)
1658 4306 1742 4380 te,
1809 4300 2088 4387 inquam,
2150 4320 2477 4387 spenmus
2522 4300 2866 4368 universae

200 4405 498 4495 Europae
541 4408 829 4495 imperiis
874 4407 1241 4474 constitutis
1287 4407 1355 4471 in
1401 4406 1628 4472 Asiam
1672 4405 2061 4492 fugientium
2127 4427 2204 4473 ac
2247 4405 2537 4472 susorum
2582 4404 2865 4473 hostium

201 4514 497 4600 reliquias
542 4521 1040 4602 persecuturum.
1132 4515 1235 4580 Ac
1281 4513 1465 4579 multi
1522 4513 1651 4600 jam
1695 4520 1953 4600 tempus
2022 4511 2183 4580 illud
2256 4515 2645 4601 cogitatione
2690 4534 2866 4580 com·

201 4621 586 4706 plectuntur,
653 4644 780 4707 quo
838 4619 1341 4688 Hierosolimam
1386 4620 1709 4707 ingressus
1772 4620 2248 4686 sanctissimum
2289 4618 2453 4686 illud
2497 4641 2868 4686 monumen-

203 4733 339 4793 tum
385 4726 873 4796 venerabundus
937 4726 1330 4808 osculabere,
1388 4727 1460 4794 in
1504 4748 1632 4814 quo
1696 4725 1984 4795 membra
2049 4749 2164 4795 sua
2232 4724 2426 4794 condi
2485 4725 2708 4808 voluit,
2756 4729 2868 4813 qui

204 4856 320 4923 per
362 4840 630 4900 mortem
676 4857 856 4901 suam
928 4833 1012 4902 ad
1058 4843 1381 4902 aeternam
1432 4835 1633 4903 vitam
1701 4833 1887 4901 nobis
1933 4833 2180 4903 aditum
2227 4833 2554 4922 patefecit.
2647 4833 2870 4920 Atque

2623 4956 2657 5012 2
