3525 5525
1482 444 1561 515 17

183 657 360 725 qnos
407 635 519 704 ille
571 639 968 727 iniquissimo
1011 638 1343 707 dominatu
1396 661 1738 729 oppressos
1784 663 1900 729 per
1942 640 2212 706 LXXX
2284 642 2413 729 jam
2458 641 2601 730 plns
2650 658 2849 707 annos

183 744 472 833 probris,
516 745 847 825 dedecore,
895 746 1299 814 contumeliis
1345 746 1579 829 affecit,
1642 746 1821 815 duris
1868 755 2062 834 atque
2105 747 2521 815 intolerandis
2567 749 2853 835 imperiis

183 851 452 934 afflixit,
519 855 692 920 omni
745 852 1019 939 denique
1092 851 1487 921 crudelitatis
1547 875 1778 941 genere
1824 853 2147 937 laceravit,
2209 877 2247 920 a
2293 851 2638 921 miserabili
2681 876 2851 921 nunc

180 966 386 1045 atque
430 958 730 1028 diuturna
775 961 1086 1028 servitute
1128 958 1574 1027 vindicentur?
1663 960 1752 1026 Et
1795 959 1968 1046 quod
2013 968 2113 1027 est
2156 961 2393 1027 certius
2437 959 2625 1047 hujus
2671 963 2852 1048 pacis

184 1068 619 1153 propositum,
663 1068 769 1134 cui
814 1075 882 1133 et
924 1064 1368 1155 suscipiendae
1397 1067 1465 1132 in
1492 1066 1736 1134 Turcas
1783 1066 2207 1154 expeditionis
2253 1075 2321 1134 et
2363 1066 2853 1135 christianorum

180 1172 584 1239 liberationis
630 1194 824 1241 causa
880 1171 1242 1262 subscripta
1304 1176 1443 1239 est?
1533 1174 1623 1239 Et
1696 1194 1858 1261 quae
1916 1181 1983 1241 te
2030 1174 2172 1255 alia,
2239 1196 2477 1255 caesar,
2535 1195 2728 1242 causa
2773 1197 2854 1241 ex

183 1279 435 1346 ultimis
503 1281 690 1346 terris
752 1281 820 1346 in
887 1279 1139 1347 Italiam
1199 1280 1512 1362 evocavit,
1574 1280 1699 1345 nisi
1768 1287 1841 1346 ut
1906 1301 2065 1368 pace
2112 1281 2203 1347 rei
2248 1279 2543 1369 publicae
2597 1280 2856 1349 reddita

183 1387 472 1454 invictos
549 1388 866 1455 exercitus
941 1394 1093 1453 tuos
1159 1394 1380 1453 contra
1444 1394 1675 1453 tetram
1756 1385 1933 1452 illam
2012 1395 2077 1453 et
2149 1385 2474 1454 efferatam
2547 1389 2855 1477 sanguine

187 1500 418 1560 nostro
462 1493 720 1562 beluam
764 1500 1174 1562 converteres
1239 1515 1314 1560 ac
1361 1514 1536 1559 suam
1598 1492 1983 1572 Pannoniae,
2048 1516 2227 1559 suam
2274 1492 2609 1578 Graeciae,
2675 1516 2855 1561 suam

192 1606 300 1666 tot
345 1598 837 1667 christianorum
904 1598 1313 1667 nobilissimis
1383 1599 1634 1687 populis
1698 1597 2060 1666 libertatem
2106 1598 2447 1668 redderes?
2531 1601 2600 1668 O
2645 1599 2854 1668 dulcis

193 1705 660 1795 recipientibus
706 1704 987 1784 libertas,
1040 1704 1336 1773 reddenti
1378 1705 1692 1793 gloriosa!
1783 1704 1890 1770 Illi
1934 1705 2018 1774 ad
2061 1714 2146 1788 te,
2220 1728 2457 1789 caesar,
2502 1729 2583 1773 ex
2628 1707 2856 1775 floren-

191 1814 355 1879 tium
422 1812 574 1879 olim
637 1811 887 1880 urbium
960 1813 1161 1878 ruinis
1226 1819 1294 1878 et
1356 1809 1793 1888 cadaveribus,
1863 1812 2158 1899 squalore
2222 1821 2289 1879 et
2332 1812 2528 1880 foedo
2572 1816 2857 1903 corporis

190 1917 424 1987 habitu
498 1917 715 2000 obsiti,
790 1919 995 1985 macie
1067 1939 1144 1985 ac
1207 1918 1446 2005 pallore
1520 1918 1836 2005 perempti
1903 1918 2227 2006 supplices
2303 1941 2526 1987 manus
2570 1920 2861 2003 tendunt,

195 2033 381 2092 tuum
427 2022 556 2094 sibi
599 2025 982 2114 promissum
1055 2026 1246 2091 toties
1291 2031 1510 2092 vatum
1558 2022 2101 2111 praedictionibus
2162 2046 2239 2093 ac
2305 2024 2543 2094 divinis
2587 2027 2859 2095 oraculis

200 2153 454 2210 nomen,
517 2139 693 2199 tuam
760 2130 981 2213 fidem,
1047 2138 1221 2198 tuam
1289 2128 1791 2197 misericordiam
1856 2132 2044 2198 taciti.
2100 2153 2179 2199 ac
2237 2140 2413 2200 metu
2476 2136 2860 2222 compressis

197 2237 469 2306 vocibus
512 2238 888 2326 implorant:
961 2245 1075 2304 aut
1135 2258 1252 2325 per
1313 2245 1380 2303 te
1448 2258 1617 2303 nunc
1690 2259 1761 2303 se
1824 2235 2183 2306 libertatem
2251 2248 2706 2307 consecuturos
2752 2249 2863 2307 aut

198 2345 538 2434 perpetuis
582 2344 964 2412 durissimae
1033 2343 1361 2410 servitutis
1429 2343 1703 2409 miseriis
1777 2342 2115 2410 damnatos
2160 2344 2542 2432 intelligunt.
2635 2346 2863 2434 Neque

201 2473 357 2519 vero
403 2449 724 2530 dubitant,
796 2452 951 2538 quin
995 2450 1312 2517 voluntati
1358 2449 1652 2535 votisque
1696 2449 1825 2516 tuis
1880 2450 2234 2517 certissima
2304 2452 2391 2518 sit
2434 2453 2702 2519 victoria
2763 2473 2865 2518 re-

199 2578 529 2646 sponsura.
620 2558 724 2623 Ex
780 2557 956 2624 fama
1000 2558 1168 2624 enim
1210 2557 1371 2644 ipsa,
1444 2576 1625 2642 quae,
1694 2557 1852 2642 quin
1891 2578 2023 2643 quo
2069 2557 2226 2623 velit
2272 2557 2602 2644 pervadat,
2669 2559 2862 2625 nullis

205 2673 425 2753 potest
467 2665 658 2731 minis
704 2666 946 2745 terreri,
993 2664 1164 2730 nullo
1201 2664 1534 2751 proposito
1579 2669 1756 2729 metu
1802 2670 1914 2730 aut
1956 2683 2163 2751 poena
2192 2664 2488 2746 coerceri,
2533 2666 2689 2732 satis
2732 2667 2862 2752 jam

201 2781 621 2860 cognoscunt,
665 2780 732 2840 te
779 2773 1035 2852 virtute,
1094 2770 1455 2852 autoritate,
1516 2769 1845 2852 felicitate,
1912 2769 2159 2838 bellicis
2206 2779 2397 2858 atque
2440 2775 2863 2860 imperatoriis

204 2878 473 2962 artibus,
538 2901 667 2945 non
733 2879 937 2946 solum
1000 2876 1369 2964 aequalibus
1428 2878 1558 2944 tuis
1605 2875 1898 2946 omnibus
1962 2878 2493 2966 anteponendum,
2559 2878 2675 2946 sed
2713 2902 2865 2946 cum

204 2986 770 3075 praestantissimis
817 2986 1109 3053 maximis
1154 2986 1551 3073 superiorum
1597 2992 1878 3052 aetatum
1941 2983 2432 3073 imperatoribus
2487 3007 2863 3075 comparan-

202 3092 388 3174 dum3
463 3092 575 3158 illo
619 3114 790 3174 vero,
861 3093 967 3160 cui
1029 3111 1199 3158 nunc
1265 3092 1572 3172 serviunt,
1642 3092 1842 3179 impio
1910 3099 2102 3178 atque
2175 3093 2531 3180 impotente
2583 3091 2868 3175 domino,

206 3199 526 3287 adjunctis
573 3199 945 3287 praesertim
990 3196 1075 3264 ad
1116 3218 1272 3285 opes
1317 3206 1461 3263 tuas
1508 3198 1824 3264 sociorum
1871 3197 2141 3277 auxiliis,
2185 3198 2504 3282 classium,
2551 3221 2867 3266 commea·-

208 3314 385 3372 tuum
430 3312 759 3393 apparatu,
804 3306 1134 3392 copiarum
1180 3305 1374 3370 etiam
1420 3303 1856 3390 magnitudine
1902 3304 2161 3371 minime
2203 3305 2571 3372 inferiorem
2577 3353 2595 3385 ‚
2638 3305 2869 3374 robore

212 3435 361 3480 vero
408 3413 599 3500 longo
641 3413 979 3480 intervallo
1024 3412 1415 3499 superiorem
1462 3411 1746 3477 futurum
1814 3410 2196 3499 intelligunt.
2286 3410 2743 3493 Quamobrem,
2811 3414 2870 3477 si

214 3542 431 3586 eorum
477 3518 821 3606 aliquando
866 3519 1152 3586 locorum
1198 3518 1303 3584 vel
1349 3524 1666 3584 extremas
1736 3539 1884 3584 oras
1931 3539 2008 3585 ac
2051 3518 2238 3584 litora
2281 3518 2592 3605 attigeris,
2658 3520 2866 3585 conti-

209 3648 357 3693 nere
402 3647 476 3691 se
520 3648 649 3692 non
696 3631 1019 3714 poterunt,
1083 3625 1235 3711 quin
1281 3645 1353 3689 se
1398 3622 1568 3690 ultro
1623 3622 1709 3690 ad
1752 3630 1820 3690 te
1882 3645 2028 3690 cum
2075 3622 2454 3711 conjugibus
2527 3646 2605 3691 ac
2650 3623 2868 3692 liberis

213 3731 558 3800 effundant.
652 3732 870 3818 Atque
944 3730 1123 3811 haec,
1201 3750 1439 3810 caesar,
1515 3729 1897 3817 populorum
1971 3728 2096 3798 tibi
2175 3731 2337 3796 ratio
2402 3752 2631 3803 nomen
2673 3739 2866 3798 ‚tuum

209 3838 668 3906 immortalitati
711 3835 1130 3904 consecrabit.
1221 3835 1353 3903 Sed
1398 3857 1526 3902 non
1592 3834 1695 3902 his
1766 3843 1983 3903 tamen
2050 3845 2149 3902 est
2219 3835 2450 3905 finibus
2511 3837 2715 3925 gloria
2755 3845 2873 3904 tua

214 3945 709 4032 circumscripta.
801 3942 1148 4031 Speramus
1196 3944 1366 4008 enim
1433 3947 1522 4025 (et
1564 3964 1727 4029 quae
1774 3949 1990 4030 potest
2033 3964 2178 4008 esse
2223 3941 2307 4010 de
2347 3951 2484 4011 tam
2527 3944 2873 4011 excellenti

213 4052 449 4118 virtute
492 4059 606 4118 tua
646 4058 950 4137 tantaque
996 4049 1166 4138 apud
1213 4071 1528 4115 summum
1594 4048 1808 4115 Deum
1869 4050 2074 4136 gratia
2139 4072 2303 4117 vana
2369 4050 2698 4119 hominum
2765 4072 2876 4117 ex-

217 4158 548 4246 spectatiO,
618 4165 732 4225 aut
773 4179 939 4244 quae
988 4177 1115 4223 non
1160 4165 1261 4224 est
1303 4164 1435 4223 tam
1480 4155 1700 4223 multis
1745 4177 1823 4223 ac
1869 4157 2129 4223 minime
2171 4158 2339 4224 inter
2383 4178 2454 4223 se
2495 4155 2876 4245 discrepan—

214 4263 385 4332 tibus·
426 4271 647 4332 vatum
692 4264 1017 4351 responsis
1062 4262 1221 4331 fides
1267 4259 1561 4330 habenda
1570 4265 1622 4343 ?)
1668 4271 1753 4344 te,
1820 4263 2099 4350 inquam,
2161 4283 2488 4352 speratim
2533 4264 2878 4331 universae

217 4368 509 4458 Europae
553 4372 840 4459 imperiis
886 4371 1253 4439 constitutis
1297 4370 1365 4435 in
1412 4369 1639 4435 Asiam
1684 4368 2071 4456 fugientium
2138 4392 2215 4438 ac
2258 4369 2548 4437 susorum
2594 4368 2876 4437 hostium

218 4477 508 4563 reliquias
553 4484 1051 4566 persecuturum.
1143 4478 1246 4543 Ac
1292 4475 1476 4543 muln
1533 4477 1661 4563 jam
1707 4483 1964 4564 tempus
2032 4476 2195 4543 illud
2268 4478 2657 4565 cogitatione
2702 4498 2878 4544 com·

221 4583 598 4669 plectuntur,
664 4607 792 4671 quo
850 4582 1352 4652 Hierosolimam
1397 4584 1721 4671 ingressus
1783 4584 2259 4650 sanctissimum
2299 4581 2465 4650 illud
2508 4605 2880 4651 monumen-

224 4696 349 4756 tum
395 4688 884 4759 venerabundus
948 4689 1342 4772 osculabeoe,
1400 4692 1471 4757 in
1516 4711 1644 4777 quo
1708 4689 1995 4758 membra
2061 4713 2176 4758 sua
2244 4689 2438 4759 condi
2496 4690 2720 4772 voluit,
2768 4692 2880 4778 qui

226 4818 331 4885 per
370 4804 642 4864 mortem
687 4820 868 4864 suam
939 4797 1023 4866 ad
1069 4806 1393 4865 aeternam
1443 4799 1644 4866 vitam
1713 4796 1898 4865 nobis
1944 4797 2192 4865 aditum
2239 4797 2564 4887 patefecit.
2658 4798 2882 4884 Atque

2634 4921 2669 4976 2
