3525 5525
1562 461 1641 527 ll

249 656 760 733 testamentum,
806 651 1169 718 exclamant
1193 672 1271 719 ac
1314 652 1706 719 minitantur.
1795 652 2007 732 Quam
2055 672 2249 741 saepe
2275 650 2426 719 odia
2459 674 2537 718 ac
2564 653 2930 719 inimicitias

240 754 707 823 detestantur!
796 759 1011 835 Quam
1055 758 1255 824 multa
1298 757 1381 824 de
1424 757 1638 825 reditu
1681 761 1748 824 in
1795 759 2065 846 gratiam
2105 759 2524 847 praecipiunt,
2567 781 2756 846 quam
2803 761 2934 847 pie,

248 885 463 949 quam
511 864 813 951 graviter,
857 886 1049 951 quam
1093 865 1287 930 etiam
1332 864 1654 951 eleganter
1694 868 2024 943 immensa,
2084 885 2248 951 quae
2291 887 2407 952 per
2451 886 2676 953 pacem
2719 865 2928 932 homi-

238 967 453 1036 nibus
512 967 683 1036 bona
728 969 907 1034 Dens
952 970 1332 1057 impertitur,
1376 969 1898 1037 commemorant!
1989 968 2123 1036 Sed
2188 967 2347 1056 quid
2390 968 2614 1036 horum
2656 969 2928 1058 quilibet

242 1072 342 1141 de
393 1096 560 1163 pace
628 1076 902 1141 senserit
944 1096 1022 1141 ac
1076 1076 1386 1163 scriptum
1432 1076 1776 1163 reliquerit,
1847 1074 2090 1143 idm
2135 1085 2484 1164 praetereo,
2546 1076 2722 1164 quod
2763 1075 2927 1144 divi·

242 1204 489 1247 narum
553 1182 837 1246 omnium
910 1190 1103 1268 atque
1161 1181 1574 1248 humanarum
1630 1183 2042 1249 autoritatum
2104 1183 2214 1248 ille
2289 1181 2473 1249 nobis
2536 1183 2741 1249 instar
2782 1205 2925 1250 esse

265 1286 500 1369 debet,
544 1289 659 1374 qui
702 1309 832 1353 non
877 1286 1201 1355 veridicus
1246 1298 1358 1355 aut
1400 1291 1672 1377 sapiens,
1716 1288 1832 1357 sed
1876 1291 2020 1377 ipsa
2062 1296 2164 1355 est
2206 1290 2444 1357 veritas
2489 1296 2558 1355 et
2600 1291 2935 1377 sapientia,

245 1392 583 1475 Christus,
650 1401 719 1460 et
758 1395 818 1460 is
862 1393 1121 1482 quidem
1166 1417 1309 1461 cum
1358 1417 1474 1462 sua
1538 1397 1747 1482 justis,
1809 1393 2255 1463 innocentibus
2301 1403 2369 1461 et
2411 1396 2677 1484 integris
2721 1395 2927 1464 homi-

247 1498 452 1567 nibus
541 1502 827 1588 praemia
895 1502 1321 1589 polliceretur,
1382 1501 1557 1590 quod
1621 1503 1977 1590 praemium
2022 1503 2303 1569 omnium
2348 1503 2690 1568 maximum
2740 1511 2931 1584 esset,

247 1606 339 1671 iis
385 1604 705 1688 attribuit,
775 1629 1046 1695 quorum
1090 1605 1176 1674 ad
1234 1629 1459 1695 pacem
1503 1608 1803 1676 voluntas
1850 1615 1919 1675 et
1979 1608 2246 1676 consilia
2308 1616 2686 1697 spectarent.
2777 1608 2927 1675 Non

248 1713 435 1778 enim
481 1710 706 1780 beatos
752 1720 1003 1779 tantum
1067 1735 1178 1780 eos
1244 1714 1384 1781 sore
1448 1714 1770 1802 pollicitus
1838 1722 1958 1795 est,
2014 1713 2135 1781 sed
2171 1713 2328 1804 2fllii‚
2383 1715 2606 1802 inquit,
2666 1713 2737 1781 hi
2801 1715 2932 1782 Dei

258 1816 687 1887 vocabuntur.
778 1819 963 1886 Idem
1024 1840 1179 1887 vero
1222 1843 1411 1908 quam
1469 1818 1796 1908 gravibus,
1854 1842 2043 1908 quam
2089 1822 2283 1887 etiam
2346 1821 2668 1910 expressis
2712 1820 2928 1889 verbis

255 1932 366 1991 est
410 1923 801 1992 discordiam
839 1927 1204 1993 execratus!
1293 1926 1522 2004 Omne,
1566 1928 1792 2014 inquit,
1838 1948 2099 2014 regnum
2144 1925 2466 1994 dissidens
2511 1926 2927 2007 desolabitur,

256 2041 329 2099 et
374 2033 586 2098 omnis
631 2034 860 2100 civitas
907 2033 1014 2100 vel
1056 2032 1284 2101 domus
1337 2032 1660 2101 dissidens
1704 2056 1832 2099 non
1863 2033 2077 2100 stabit.
2167 2032 2350 2113 Quid
2378 2041 2589 2100 autem
2632 2034 2930 2121 trequen-

258 2139 393 2205 tius
438 2139 541 2218 iis,
604 2161 766 2227 quos
810 2138 1126 2227 diligeret,
1179 2163 1325 2207 cum
1384 2142 1551 2207 inter
1595 2139 1884 2206 homines
1947 2148 2327 2221 versaretur,
2393 2161 2679 2227 quosque
2722 2142 2928 2227 gratia

261 2246 672 2333 numinisque
747 2248 1108 2335 praesentia
1180 2246 1410 2334 dignos
1495 2246 1779 2327 duceret,
1852 2268 2042 2335 quam
2105 2269 2326 2334 pacem
2398 2255 2499 2313 est
2569 2249 2927 2313 ominatus?

264 2354 475 2430 Pacis,
531 2373 678 2419 cum
746 2352 1258 2437 congrederetur,
1326 2355 1521 2441 pacis,
1588 2375 1737 2419 cum
1803 2352 2186 2437 discederet,
2259 2376 2486 2420 nomen
2554 2352 2924 2441 usurpabat.

266 2460 505 2526 Pacem
567 2461 759 2547 jussit
818 2458 1168 2526 familiares
1229 2482 1306 2528 ac
1370 2461 1722 2549 discipulos
1791 2483 1963 2542 suos,
2025 2463 2094 2527 in
2157 2483 2619 2549 quamcumque
2665 2461 2926 2528 domum

261 2566 639 2646 intrassent,
703 2568 1113 2654 comprecari,
1176 2567 1350 2655 quod
1395 2568 1662 2649 scilicet,
1728 2567 1840 2636 ubi
1902 2592 2028 2656 pax
2074 2578 2266 2649 esset,
2337 2567 2431 2635 ibi
2475 2591 2547 2634 se
2593 2591 2751 2650 esse,
2816 2567 2929 2636 ubi

261 2674 403 2760 ipse
452 2681 642 2755 esset,
688 2673 856 2741 laeta
900 2673 1149 2741 sciebat
1193 2696 1333 2740 oese
1378 2696 1455 2740 ac
1500 2672 1782 2740 secunda
1827 2675 2058 2739 omnia.
2146 2673 2292 2740 Jam
2341 2694 2498 2741 vero
2540 2695 2580 2739 a
2626 2682 2810 2763 patre
2854 2676 2921 2739 in

146 2832 153 2836 -
262 2781 501 2847 celsam
546 2781 726 2847 illam
773 2793 966 2870 atque
1010 2789 1331 2848 aeternam
1399 2781 1566 2848 coeli
1629 2779 1848 2847 sedem
1908 2789 2217 2848 evocatus
2279 2779 2511 2847 iisdem
2570 2780 2927 2870 discipulis,

261 2910 430 2975 qnos
479 2890 849 2975 patrimonii
912 2889 1096 2975 quasi
1139 2888 1239 2955 sui
1283 2887 1589 2954 haeredes
1663 2909 1806 2954 esse
1854 2887 2079 2970 voluit,
2147 2909 2370 2975 pacem
2417 2908 2596 2953 suam
2641 2884 2927 2968 tradidit,

272 3016 500 3084 pacem
566 3017 749 3061 suam
822 2996 1094 3083 reliquit.
1187 2995 1250 3060 Ο
1319 2993 1758 3062 admirabilem
1839 2994 2275 3072 hereditatem,
2345 3016 2384 3059 o
2456 3016 2611 3060 vera
2683 2994 2926 3059 aeterni

261 3103 465 3189 patris
510 3099 710 3168 bona!
802 3101 950 3167 Non
1016 3123 1214 3188 regna
1279 3101 1387 3167 ille
1449 3101 1731 3166 omnium
1793 3122 2130 3187 regnorum
2198 3100 2511 3181 dominus,
2576 3122 2698 3164 non
2747 3121 2926 3188 opes,

263 3231 390 3274 non
460 3231 704 3290 aurum,
777 3230 907 3274 non
969 3207 1366 3296 prudentiam
1434 3206 1708 3295 denique
1772 3216 1883 3273 aut
1955 3210 2438 3295 temperantiam
2506 3214 2619 3270 aut
2693 3213 2926 3285 cetera,

264 3337 429 3403 quae
473 3317 544 3380 in
587 3313 775 3383 bonis
819 3313 1111 3382 homines
1157 3315 1418 3396 ducunt,
1464 3314 1580 3382 sed
1629 3336 1867 3402 pacem,
1914 3337 2040 3401 qua
2086 3338 2212 3381 una
2257 3337 2475 3381 omnes
2517 3313 2737 3380 mundi
2783 3337 2926 3401 par-

262 3431 382 3503 tes,
429 3423 645 3489 omnia
687 3445 902 3510 regna,
970 3444 1188 3488 omnes
1234 3444 1404 3510 spes,
1466 3425 1679 3487 omnia
1722 3423 2011 3510 corporis
2069 3424 2390 3508 animique
2436 3420 2605 3488 bona
2640 3421 2924 3486 contine-

260 3537 502 3606 rentur,
548 3551 774 3617 pacem
818 3527 1015 3610 dedit,
1060 3550 1286 3616 pacem
1328 3529 1599 3616 reliquit.

481 3634 617 3702 Sed
667 3656 817 3702 cum
860 3633 946 3702 de
992 3657 1150 3723 pace
1188 3637 1254 3700 in
1300 3636 1667 3701 universum
1712 3639 1869 3703 satis
1931 3638 2000 3702 in
2063 3636 2422 3724 praesentia
2486 3633 2686 3699 multa
2749 3631 2927 3699 dicta

262 3749 436 3824 sunt,
482 3739 567 3807 de
611 3740 916 3808 hodierna
985 3743 1116 3829 jam
1161 3763 1321 3828 pace
1365 3740 1710 3808 dicendum
1756 3750 1871 3807 est.
1962 3741 2222 3808 Nullam
2269 3763 2390 3828 ego
2436 3762 2712 3827 unquam
2756 3741 2926 3805 inter

260 3848 647 3915 christianos
710 3848 1034 3936 principes
1098 3868 1324 3934 pacem
1382 3847 1621 3913 factam
1691 3868 1832 3913 esse
1905 3846 2193 3928 arbitror,
2260 3868 2423 3935 quae
2485 3843 2923 3932 amplitudine,

263 3956 601 4044 dignitate,
665 3954 1106 4021 diuturnitatis
1174 3976 1289 4041 spe
1345 3961 1534 4040 atque
1607 3955 2084 4042 opportunitate
2147 3956 2355 4043 possit
2425 3975 2572 4020 cum
2617 3950 2926 4018 hodierna

259 4083 424 4151 pace
480 4061 856 4149 comparari.
946 4059 1410 4147 Respiciamus,
1476 4058 1688 4146 quoad
1734 4059 2102 4146 longissime
2146 4058 2424 4124 humana
2469 4080 2649 4124 mens
2696 4042 2926 4146 potest,

261 4167 595 4255 praeteriti
660 4173 914 4254 tempus
996 4166 1292 4253 spatium,
1375 4166 1685 4253 pueritiae
1753 4167 2122 4233 memoriam
2166 4166 2427 4231 ultimae
2501 4163 2924 4245 mcordemur,

260 4275 478 4341 omnia
533 4271 819 4354 foedera,
882 4294 1103 4339 omnes
1147 4273 1630 4359 imperiosarum
1687 4274 1994 4360 gentium,
2057 4273 2639 4360 potentissimorum
2690 4272 2924 4357 princi-

259 4403 418 4468 pum
464 4379 919 4445 consensiones
965 4385 1033 4445 et
1076 4378 1582 4465 conspirationes
1630 4400 1709 4443 ex
1756 4377 2052 4445 omnibus
2084 4379 2482 4465 antiquitat-is
2513 4378 2920 4443 monimentis

259 4485 669 4572 colligamusz
718 4506 1037 4572 nunquam
1086 4483 1376 4571 profecto
1406 4486 1824 4564 inveniemus,
1882 4492 2062 4551 tanto
2107 4506 2421 4551 consensu
2458 4493 2650 4571 atque
2695 4483 2918 4550 alacri-

258 4602 414 4677 tate,
460 4601 597 4659 tam
638 4591 876 4658 multas
920 4592 991 4656 in
1033 4612 1227 4657 unum
1273 4589 1660 4678 reipublicae
1692 4599 1906 4678 partes
1952 4613 2029 4658 ac
2058 4600 2190 4658 tam
2218 4590 2404 4659 brevi
2447 4600 2735 4678 tempore
2765 4612 2917 4657 con-

258 4700 540 4782 venisse,
562 4707 754 4786 atque
769 4698 839 4763 in
858 4718 1192 4766 commune
1228 4719 1425 4786 prope
1451 4720 1576 4763 non
1607 4700 1956 4764 sententias
1985 4706 2237 4765 tantum
2266 4720 2344 4764 ac
2375 4698 2756 4778 voluntates,
2802 4696 2920 4764 sed

257 4829 418 4897 opes
444 4806 658 4887 etiam,
702 4805 924 4893 copias
944 4811 1013 4872 et
1038 4801 1382 4871 facultates
1410 4825 1559 4871 suas
1588 4804 1952 4875 contulisse.
2001 4807 2217 4896 Atque
2246 4805 2433 4894 hujus
2464 4804 2722 4894 quidem
2736 4806 2916 4896 pacis
