3525 5525
906 1422 1199 1497 ozano
1253 1426 1562 1512 cenom,
1608 1427 2131 1501 ammonuit
2177 1429 2728 1504 memnonis
2775 1429 3085 1516 maon,

1035 1530 1152 1605 AD
1197 1531 1605 1608 mermes
1650 1532 1761 1606 DE
1807 1532 1957 1609 suo
2003 1535 2099 1610 m
2144 1537 2502 1611 Pratum
2546 1536 2949 1611 msonssm

878 1712 1111 1797 Video,
1178 1716 1303 1782 viri
1346 1714 1645 1803 Hispani,
1706 1737 1899 1803 quam
1965 1717 2224 1785 solliciti
2284 1719 2425 1785 sitis
2492 1740 2805 1807 quamque
2850 1739 3037 1805 aegre
3096 1719 3331 1786 feratis

663 1842 868 1888 meam
913 1820 981 1887 in
1026 1819 1283 1887 Italiam
1345 1821 1827 1910 profectionem,
1874 1829 1950 1888 ut
1993 1845 2121 1891 non
2167 1824 2371 1891 solum
2418 1825 2501 1892 de
2545 1832 2784 1907 vestra,
2831 1825 2951 1892 sed
2994 1826 3192 1892 etiam
3247 1825 3331 1893 de

661 1926 1070 2015 mealsalute
1114 1928 1342 1994 timere
1387 1926 1737 1995 videamini
1780 1927 2215 2017 dubitatisque
2281 1936 2377 2014 (ut
2421 1930 2655 2015 audio),
2719 1929 2791 1998 id
2835 1929 3007 2018 quod
3048 1933 3334 1998 maxime

664 2033 922 2101 evenire
967 2034 1148 2116 solet,
1193 2042 1285 2117 ut,
1350 2055 1546 2122 quam
1591 2036 1869 2123 primum
1942 2059 1979 2102 a
2047 2035 2235 2104 vobis
2280 2038 2466 2125 longe
2533 2037 2907 2117 discessero,
2973 2039 3141 2105 inter
3208 2060 3332 2106 vos

662 2138 835 2209 bella
896 2147 963 2207 et
1033 2138 1470 2208 dissensiones
1539 2142 1843 2223 oriantur,
1910 2143 2016 2210 vel
2060 2144 2287 2230 aliquis
2355 2144 2574 2211 forsan
2637 2143 2843 2211 hostis
2888 2165 3159 2232 regnum
3205 2145 3332 2212 hoc

671 2269 825 2337 rege
869 2268 1148 2315 vacuum
1192 2245 1598 2335 aggrediatur
1676 2255 1745 2314 et
1790 2248 1982 2315 armis
2027 2250 2384 2338 opprimere
2429 2257 2656 2318 tentet.
2753 2249 3197 2338 Cogitatisque
3244 2251 3331 2319 de

673 2377 795 2438 me,
844 2352 1018 2442 quod
1062 2375 1203 2443 ege,
1263 2355 1376 2442 qui
1438 2361 1538 2422 tot
1582 2356 1782 2422 maria
1827 2373 2195 2423 emensums
2258 2379 2401 2423 sum
2469 2378 2545 2423 ac
2612 2360 2680 2422 in
2752 2354 3073 2424 diversam
3148 2356 3331 2425 orbis

666 2468 916 2550 partem
973 2463 1198 2543 iturus,
1271 2459 1529 2549 aliquod
1592 2461 1945 2551 periculum
2009 2461 2285 2541 subeam,
2350 2463 2611 2551 aliquod
2677 2461 3149 2539 detrimentum,
3214 2462 3333 2530 ali-

664 2591 863 2655 quam.
901 2569 1328 2636 calamitatem
1400 2569 1626 2656 patiar.
1717 2566 1923 2635 Grata
1985 2569 2277 2657 profecto
2345 2578 2410 2636 et
2473 2566 2753 2656 jucunda
2824 2577 2923 2635 est
2965 2568 3125 2634 mihi
3169 2568 3332 2636 haec

669 2681 886 2743 vestra
928 2674 1012 2742 de
1051 2697 1155 2742 me
1189 2673 1573 2755 sollicitudo,
1615 2682 1869 2763 gratum
1887 2674 2169 2743 studium
2191 2683 2323 2741 tam
2369 2698 2547 2743 meae
2578 2675 2805 2743 salutis
2835 2674 3331 2756 conservandae,

668 2805 862 2870 quam
905 2788 1177 2850 vestrae.
1314 2781 1402 2849 Et
1447 2784 1688 2849 utinam
1734 2804 1990 2871 possem
2048 2785 2185 2850 sine
2230 2784 2441 2871 aliqua
2486 2805 2628 2848 mea
2670 2784 3021 2870 ignominia
3065 2791 3133 2850 et
3180 2791 3332 2850 nota

678 2890 1019 2958 continuus
1049 2887 1225 2977 apud
1267 2910 1384 2956 vos
1431 2911 1588 2966 esse,
1636 2889 1928 2978 profecto
1972 2888 2044 2957 id
2088 2889 2510 2958 libentissime
2541 2890 2841 2969 facerem,
2886 2897 3101 2957 tantus
3148 2911 3330 2956 meus

667 2976 1078 3080 ffissffos‘fest
1143 3016 1337 3076 amor,
1406 3003 1540 3063 tam
1613 3004 1796 3084 grata
1839 2995 2254 3077 consuetudO,
2326 3005 2457 3062 tam
2504 3019 2691 3085 magn
2701 3019 2807 3062 um
2872 2997 3077 3084 ipsius
3150 2998 3332 3084 regni

671 3101 1085 3171 desiderium.
1173 3100 1308 3170 Sed
1353 3101 1773 3185 considerate,
1836 3104 1960 3170 viri
2018 3105 2566 3190 praestantissimi,
2637 3102 2811 3190 quod
2879 3111 2949 3168 et
3013 3102 3331 3189 dignitate

666 3230 849 3276 meae
894 3206 1278 3276 studendum
1324 3217 1442 3289 est,
1501 3216 1576 3274 ut
1619 3229 1781 3288 eam,
1853 3230 2043 3295 quam
2112 3211 2387 3296 suscepi,
2449 3209 2853 3295 imperatoris
2921 3207 3331 3296 Maiestatem

671 3337 820 3384 cum
864 3314 1201 3405 dignitate,
1247 3321 1320 3382 ut
1360 3313 1672 3381 hactenus
1718 3314 1867 3395 feci,
1911 3321 2094 3380 tuear
2128 3322 2320 3400 atque
2350 3313 2713 3381 defendam.
2807 3313 3089 3394 Faciam,
3134 3315 3332 3380 etiam

675 3424 735 3491 si
778 3443 999 3490 omnes
1045 3420 1445 3498 acerbitates,
1514 3441 1736 3487 omnes
1785 3419 2130 3501 molestiae,
2201 3422 2415 3486 omnia
2476 3420 2754 3506 denique
2822 3420 3107 3507 pericula
3174 3419 3335 3486 mihi

674 3529 984 3597 solvenda
1025 3529 1258 3596 forent
1348 3527 1674 3616 Deponite
1717 3529 1916 3614 igitur
1971 3548 2088 3615 per
2130 3526 2287 3595 deos
2334 3527 2745 3607 immortales,
2813 3524 3116 3613 deponite
3167 3525 3333 3592 hanc

669 3638 868 3705 animi
911 3635 1390 3725 aegritudinem,
1451 3658 1595 3701 nam
1661 3656 1744 3701 ex
1789 3634 1948 3699 meis
1994 3631 2317 3701 laboribus
2387 3633 2749 3720 vigiliisque
2797 3631 2980 3700 vobis
3046 3632 3333 3718 quietem

670 3752 745 3812 et
805 3743 1328 3832 tranquillitatem
1403 3751 1471 3809 et
1534 3743 1628 3808 rei
1691 3737 1985 3829 publicae
2051 3739 2435 3807 christianae
2503 3739 2774 3806 salutem
2826 3739 3334 3827 dignitatemque

668 3850 894 3940 procul
938 3848 1138 3920 dubio
1186 3871 1328 3916 sum
1373 3849 1711 3937 pariturus.
1804 3845 1868 3911 N
1869 3868 1993 3914 unc
2056 3854 2269 3913 autem
2338 3847 2397 3911 si
2458 3867 2535 3912 ea
2601 3846 2832 3926 omnia,
2903 3866 3066 3931 quae
3111 3866 3220 3910 me
3267 3846 3332 3912 in

670 3957 931 4025 Italiam
973 3958 1071 4023 ire
1116 3963 1374 4043 cogunt,
1419 3953 1606 4022 vobis
1653 3954 1957 4042 aperiam,
2015 3975 2142 4020 non
2188 3975 2424 4035 vereor,
2497 3954 2651 4040 quin
2696 3952 2820 4020 hoc
2865 3973 3076 4018 meum
3122 3953 3335 4018 eonsi-

668 4065 828 4131 lium
896 4060 1228 4152 probaturi
1302 4062 1444 4129 sitis
1508 4060 2034 4148 cognoscatisque
2107 4083 2229 4142 me,
2308 4062 2419 4147 qui
2463 4061 2701 4127 totiens
2771 4059 2928 4125 meis
2992 4058 3190 4124 armis
3236 4063 3336 4124 tot

675 4172 917 4249 hostes,
980 4177 1081 4238 tot
1123 4190 1327 4257 reges,
1392 4176 1492 4235 tot
1548 4165 1966 4257 respublicas,
2031 4175 2132 4234 tot
2178 4168 2464 4235 nationes
2509 4175 2576 4235 et
2619 4174 2842 4255 gentes
2888 4165 3334 4253 conspirantes

673 4280 743 4346 in
789 4300 894 4344 me
950 4299 1147 4343 unum
1192 4274 1354 4357 fudi,
1396 4275 1617 4364 fugavi
1676 4282 1871 4361 atque
1915 4275 2229 4361 superavi,
2292 4275 2405 4359 qui
2449 4281 2743 4361 potentes
2810 4292 2992 4358 reges
3038 4272 3334 4358 captivos

672 4382 888 4467 habui,
936 4383 1127 4453 urbes
1172 4381 1686 4471 opulentissimas
1733 4378 1979 4467 subegi,
2045 4380 2201 4448 alias
2247 4381 2316 4446 vi
2361 4381 2523 4468 cepi,
2589 4387 2759 4447 terra
2801 4378 3092 4464 marique
3138 4378 3332 4466 pluri·

671 4512 812 4559 mas
862 4490 1169 4559 victorias
1229 4487 1496 4571 obtinui,
1557 4489 1898 4556 intestinas
1967 4484 2394 4554 dissensiones
2461 4488 2531 4552 in
2597 4485 2721 4553 hoc
2784 4505 2981 4571 regno
3045 4484 3334 4551 furentes

675 4598 1032 4687 compressi
1095 4617 1339 4683 vosque
1407 4618 1489 4663 ex
1553 4595 1752 4663 caede
1823 4594 2191 4672 miserrima,
2254 4593 2553 4680 conjuges
2638 4613 2715 4658 ac
2761 4588 2996 4656 liberos
3065 4598 3336 4671 vestros,

677 4704 918 4793 templa
963 4725 1041 4771 ac
1083 4701 1352 4771 delubra
1419 4702 1699 4769 omnium
1747 4706 2032 4767 vestrum
2097 4719 2177 4763 ex
2223 4696 2633 4765 acerbissima
2678 4696 3017 4765 vexatione
3062 4693 3337 4763 liberavi

671 4811 1012 4902 eduxique,
1048 4831 1218 4880 nunc
1239 4810 1433 4879 etiam
1476 4809 1560 4877 de
1604 4815 1822 4875 vestra
1845 4804 2053 4871 salute
2077 4805 2360 4895 cogitare
2388 4811 2456 4871 et
2499 4804 2836 4894 diligenter
2854 4798 3204 4888 providere
3243 4806 3339 4885 (ut
