3525 5525
1959 448 2045 510 22

677 633 742 698 in
790 632 1008 697 luxum
1062 640 1452 713 convertere,
1515 634 1690 721 apud
1757 636 2136 723 plerosque,·
2173 658 2439 724 quorum
2486 635 2944 724 probatissimis
3018 639 3345 726 exemplis

677 739 940 804 formari
983 745 1173 825 atque
1219 739 1517 826 componi
1580 743 1777 807 ceteri
1844 740 2171 823 deberent,
2237 750 2349 808 aut
2413 743 2625 810 nullus
2686 751 2797 810 aut
2839 752 3011 810 certe
3058 746 3343 833 exiguus

677 845 806 917 Dei
850 844 1060 911 cultus
1126 854 1243 925 est,
1309 845 1483 912 nulla
1548 848 1731 928 ratio,
1797 848 2036 914 nullum
2111 847 2273 916 bene
2340 847 2603 917 vivendi
2667 850 3049 932 institutum,
3115 851 3343 918 nullus

680 951 903 1038 pudor,
947 951 1122 1018 nulla
1165 950 1495 1019 modestia.
1562 952 1606 1019 ,J
1609 955 1831 1020 ustitia
1862 955 1972 1022 vel
2014 957 2081 1020 in
2127 953 2344 1021 odium
2390 955 2496 1022 vel
2538 957 2606 1021 in
2653 957 2917 1043 gratiam
2962 954 3342 1025 declinavit.

687 1058 902 1124 Pietas
945 1058 1016 1124 in
1060 1066 1496 1147 contemptum
1543 1061 1649 1127 vel
1691 1061 1759 1126 in
1805 1063 2323 1150 superstitionem
2391 1085 2593 1150 paene
2640 1070 2880 1130 mutata
2947 1072 3049 1130 est
3090 1065 3344 1152 palam-

679 1186 802 1252 que
848 1163 1026 1231 hisce
1070 1163 1265 1234 rebus
1273 1164 1613 1254 {omnibus
1659 1177 1964 1255 peccatur
2007 1169 2120 1249 sic,
2192 1177 2266 1235 ut
2328 1190 2785 1257 saepenumero
2851 1171 3056 1235 virtus
3110 1171 3343 1258 probis

687 1272 843 1339 viris
919 1272 1080 1339 vitio
1160 1280 1461 1354 vertatur,
1552 1274 1710 1341 vitia
1770 1297 1923 1341 vero
1990 1274 2072 1342 ab
2137 1275 2445 1364 improbis
2527 1277 2669 1343 loco
2737 1277 3043 1343 virtutum
3108 1276 3341 1345 haberi

684 1378 930 1444 soleant
938 1402 956 1460 ;
1001 1377 1285 1465 quotidie
1332 1400 1482 1466 ergo
1528 1381 1595 1445 in
1640 1380 1945 1467 religione
1991 1381 2283 1447 haereses
2314 1381 2651 1469 pullulant:
2698 1384 2793 1449 sic
2839 1382 3079 1450 Christi
3122 1386 3340 1471 pietas

680 1486 999 1550 minuitur.
1091 1483 1187 1550 Hi
1230 1485 1388 1551 mihi
1433 1484 1639 1553 morbi
1683 1486 1967 1568 sanandi,
2030 1487 2189 1555 haec
2235 1488 2499 1555 vulnera
2562 1487 2842 1555 curanda
2909 1498 3072 1570 sunt,
3137 1490 3336 1557 luxus

681 1588 1097 1672 cohibendus,
1168 1588 1395 1658 modus
1464 1591 1798 1679 ponendus
1873 1592 2224 1670 ambitioni,
2288 1592 2792 1681 compescendae
2852 1594 3207 1663 indomitae
3274 1606 3341 1663 et

686 1698 1029 1764 effrenatae
1074 1695 1397 1779 libidines,
1457 1698 1755 1766 aviditati
1800 1708 1868 1767 et
1912 1700 2260 1767 sceleratae
2305 1699 2594 1788 cupidini
2639 1702 2942 1767 terminus
2988 1704 3337 1790 praefigen-

681 1804 803 1871 dus
850 1812 968 1883 est,
1035 1803 1332 1870 haereses
1378 1803 1698 1872 tollendae
1761 1815 1828 1873 et
1891 1805 2334 1894 amputandae,
2401 1830 2481 1872 ne
2527 1807 2775 1894 longius
2823 1809 3053 1874 malum
3097 1809 3227 1876 hoc
3275 1819 3341 1876 et

682 1912 857 1978 virus
904 1911 1499 1999 interachristianos
1547 1921 1779 2001 serpat.
1872 1913 2058 1986 Haec
2123 1921 2191 1979 et
2257 1912 2324 1980 id
2388 1935 2588 2001 genus
2654 1914 2778 1981 alia
2843 1936 2945 1981 me
3007 1913 3338 1997 inducunt,

680 2018 1015 2105 impellunt
1058 2026 1124 2084 et
1168 2027 1416 2107 urgent,
1485 2028 1558 2086 ut
1623 2021 1880 2085 omnino
1925 2021 1992 2086 in
2039 2019 2292 2102 Italiam
2338 2021 2719 2107 proficiscar,
2781 2020 2892 2087 ubi
2956 2021 3114 2089 haec
3162 2045 3338 2089 com·

683 2124 934 2206 modius
980 2125 1238 2206 auxilio,
1284 2148 1406 2214 ope
1437 2135 1502 2193 et
1533 2128 1801 2193 consilio
1839 2126 2209 2208 Clementis,
2254 2128 2571 2213 pontificis
2602 2128 2881 2209 maximi,
2926 2136 2993 2195 et
3036 2130 3335 2196 sacratis·

683 2231 986 2297 simorum
1054 2240 1309 2318 patrum,
1376 2234 1608 2321 corrigi
1675 2241 1743 2299 et
1787 2232 2010 2321 [sanari
2056 2241 2373 2321 poterunt,
2441 2242 2507 2299 et
2572 2233 2939 2320 religionem
3002 2235 3211 2321 ipsam
3255 2233 3336 2300 ad

683 2359 968 2404 normam
1014 2346 1082 2404 et
1125 2340 1407 2427 regulam
1453 2341 1857 2428 antiquorum
1927 2347 2175 2428 patrum
2244 2339 2447 2427 redigi
2513 2361 2704 2427 posse
2749 2338 3018 2406 confido.
3108 2339 3335 2407 Debeo

684 2446 852 2508 enim
900 2444 1271 2531 religionem
1317 2448 1528 2533 ipsam
1575 2446 1874 2514 omnibus
1946 2449 2262 2514 anteferre
2329 2468 2593 2535 eamque
2639 2469 2675 2512 a
2722 2446 2980 2535 perfidis
3027 2456 3093 2514 et
3134 2449 3334 2515 scele-

685 2553 840 2618 ratis
888 2550 1256 2620 hominibus
1304 2561 1659 2640 protegere,
1721 2575 1868 2619 cum
1916 2575 2020 2618 me
2066 2563 2405 2640 propterea
2454 2554 2637 2619 Deus
2700 2554 2979 2641 optimus
3027 2556 3332 2619 maximus

686 2658 769 2724 ad
814 2666 1059 2725 tantum
1106 2660 1443 2746 imperium
1491 2661 1776 2726 evexerit
1843 2682 1919 2726 ac
1987 2668 2195 2726 tantas
2245 2661 2546 2727 victorias
2612 2661 3013 2747 praestiterit,
3080 2670 3153 2726 ut
3198 2682 3332 2726 eam

699 2774 878 2831 tuear
923 2774 1112 2852 atque
1158 2764 1501 2832 defendam
1572 2775 1637 2833 et
1682 2770 1819 2853 ejus
1882 2769 1948 2831 in
2017 2769 2199 2833 terris
2248 2768 2554 2832 vicarium
2628 2790 2756 2832 non
2802 2769 3005 2833 solum
3048 2769 3117 2833 in
3156 2767 3334 2833 Petri

693 2873 853 2939 solio
921 2882 989 2939 et
1059 2873 1196 2959 ejus
1265 2874 1647 2960 patrimonio
1720 2896 2109 2953 conservem,
2183 2873 2300 2939 sed
2369 2874 2738 2961 ampliorem
2803 2883 2871 2940 et
2931 2874 3331 2940 illustriorem

688 2980 971 3047 reddam.

914 3087 1112 3168 Quod
1158 3096 1370 3154 autem
1417 3087 1577 3154 mihi
1621 3087 1904 3155 secundo
1949 3089 2092 3154 loco
2139 3109 2611 3176 proposueram,
2655 3090 2922 3155 miserae
2953 3096 3018 3155 et
3063 3087 3333 3153 afflictae

697 3217 813 3282 per
877 3203 976 3262 tot
1038 3216 1241 3260 annos
1287 3193 1515 3260 Italiae
1559 3191 2055 3260 succurrendum
2126 3202 2254 3276 est3
2318 3196 2577 3261 miseret
2645 3196 2810 3261 enim
2876 3217 2978 3260 me
3044 3194 3333 3279 illiusque

702 3303 909 3368 vicem
953 3300 1143 3368 doleo
1189 3323 1266 3367 ac
1310 3323 1540 3387 queror
1582 3308 1683 3366 tot
1725 3322 2055 3368 caesorum
2102 3300 2426 3366 hominum
2472 3302 2662 3384 milia,
2707 3324 2972 3389 quorum
3019 3298 3332 3367 cadaveri·

692 3407 816 3477 bus
862 3415 929 3475 et
973 3408 1252 3475 contecti
1315 3414 1470 3482 ,sunt
1524 3409 1734 3495 campi
1799 3416 1866 3473 et
1937 3405 2242 3474 retardati
2308 3407 2643 3475 fluviorum
2712 3430 2936 3475 cursus
3001 3423 3333 3491 eorumque

697 3536 920 3582 cruore
976 3536 1273 3602 superum
1334 3537 1508 3581 mare
1574 3522 1641 3580 et
1682 3514 1955 3583 inferum
2003 3515 2183 3600 quasi
2228 3513 2502 3602 quadam
2550 3537 2828 3601 purpura
2869 3514 3191 3580 infectum·
3223 3517 3334 3576 est.

699 3622 911 3691 Urbes
995 3621 1307 3707 direptae,
1388 3621 1626 3710 oppida
1699 3622 1981 3701 incensa,
2053 3622 2267 3686 omnia
2328 3619 2539 3687 deleta
2613 3629 2681 3687 et
2743 3627 3062 3709 prostrata
3113 3621 3330 3706 jacent.

696 3727 931 3813 Danda
986 3737 1085 3795 est
1157 3728 1352 3815 igitur
1426 3728 1583 3793 mihi
1627 3749 1841 3815 opera,
1914 3733 1989 3791 ut
2057 3725 2244 3794 urbes
2307 3726 2532 3792 Italiae
2590 3735 3035 3803 restaurentur,
3110 3724 3331 3792 bellum

698 3844 1086 3913 amoveatur,
1155 3836 1589 3922 possessiones
1655 3841 1722 3900 et
1768 3832 2047 3920 praedia,
2114 3854 2275 3920 quae
2322 3856 2359 3899 a
2403 3831 2710 3900 militibus
2773 3833 3007 3919 injuste
3054 3848 3330 3920 possessa

699 3950 868 4024 sunt,
932 3942 1060 4008 illis
1106 3939 1471 4021 reddantur,
1533 3938 1763 4027 quibus
1831 3938 2154 4006 abstracta
2216 3939 2491 4019 fuerunt,
2580 3937 2828 4018 damna,
2894 3960 3057 4026 quae
3124 3932 3332 4025 populi

699 4050 873 4139 passi
892 4055 1060 4129 sunt,
1102 4047 1544 4128 resarciantur,
1590 4047 1804 4112 omnia
1847 4044 1931 4113 ad
1979 4047 2318 4133 pristinum
2366 4047 2647 4133 vigorem
2695 4054 2762 4111 et
2805 4046 3043 4112 cult-um
3090 4044 3329 4110 restitu-

699 4165 903 4224 antur.
993 4154 1180 4234 Quae
1226 4156 1437 4220 omnia
1467 4155 1719 4222 faciam.
1811 4154 1915 4219 Ita
1960 4153 2138 4220 Deus
2184 4153 2342 4220 mihi
2386 4153 2667 4220 secundo
2710 4153 2937 4219 foveat
2980 4153 3233 4220 numine
3274 4152 3332 4212 et

698 4286 801 4330 me
875 4261 1251 4328 incolumem
1299 4261 1385 4351 {in
1452 4261 1750 4345 Italiam}
1773 4261 2105 4348 pervenire
2176 4260 2503 4328 concedat.
2597 4258 2760 4327 Urbi
2835 4280 3040 4345 quoqe
3106 4258 3330 4323 Romae

701 4368 1199 4438 succurrendum
1246 4369 1569 4457 est,}quae
1616 4390 1655 4433 a
1701 4368 1934 4434 nostris
1983 4366 2291 4434 militibus
2338 4389 2441 4432 me
2478 4367 2681 4433 inscio
2713 4373 2780 4431 et
2806 4364 3068 4432 absente
3094 4363 3329 4449 direpta

699 4486 767 4544 et
838 4475 1130 4543 omnibus
1208 4474 1437 4563 opibus
1515 4497 1592 4542 ac
1677 4475 1948 4541 fortunis
2019 4474 2291 4561 spoliata
2374 4473 2518 4553 fuit,
2613 4495 2738 4560 quo
2801 4471 3083 4537 facinore
3150 4476 3330 4536 testor

701 4584 915 4650 Deum
961 4584 1272 4671 optimum
1328 4582 1669 4647 maximum
1736 4581 1832 4645 nil
1898 4580 2053 4646 mihi
2122 4580 2454 4646 molestius
2523 4586 2636 4645 aut
2702 4576 2990 4645 acerbius
3059 4573 3329 4643 accidere

700 4691 931 4778 potuit.
1019 4689 1154 4768 Qui
1199 4690 1256 4754 si
1300 4686 1386 4755 ad
1431 4711 1570 4755 eam
1614 4689 1997 4756 incolumem
2043 4709 2410 4776 pervenero,
2455 4685 2625 4754 dabo
2655 4707 2932 4778 operam,
2979 4692 3050 4751 ut
3078 4684 3328 4750 amissae

702 4820 880 4890 opes,
923 4820 1113 4887 quam
1161 4797 1434 4865 maxime
1479 4796 1616 4862 fieri
1660 4797 1915 4883 poterit,
1961 4802 2347 4892 reparentur.
