3525 5525
1950 434 2032 518 1-8

663 631 816 712 iude
863 645 932 710 in
978 642 1232 710 Italiam
1278 664 1423 710 cum
1471 645 1745 711 victoria
1791 653 1857 710 et
1901 643 2223 733 triumpho
2267 665 2560 712 reversus
2600 644 2667 709 in
2695 643 2882 732 hujus
2930 632 3330 712 sanctissimi

664 751 863 838 patris
911 757 1259 838 conspectu
1308 771 1424 837 pro
1461 757 1593 816 tam
1638 749 2003 837 ingentibus
2050 772 2127 817 ac
2172 759 2303 817 tam
2376 750 2649 818 feliciter
2691 750 2890 837 gestis
2937 750 3128 819 rebus
3178 751 3329 817 Deo

664 849 1029 945 nuncupata
1075 863 1228 924 vota
1299 856 1645 943 persolves.
1735 856 1885 935 Qua
1948 865 2013 922 te
2077 856 2183 923 hic
2251 858 2390 944 ipse
2459 855 2751 945 pontifex
2814 858 3146 939 maximus,
3215 859 3332 943 qui

663 985 832 1049 nunc
879 984 1072 1032 verae
1117 985 1196 1030 ac
1241 962 1485 1030 solidae
1530 963 1770 1049 gloriae
1814 966 1938 1029 iter
1980 962 2446 1050 ingredientem
2493 970 2673 1030 tanto
2702 972 2767 1029 te
2798 984 3011 1031 amore
3057 970 3126 1030 et
3172 962 3329 1030 cha-

662 1074 851 1150 ritate
895 1071 1318 1160 prosequitur,
1362 1070 1787 1157 gratulatione
1834 1071 2155 1158 excipiet?
2244 1070 2411 1149 Quis
2459 1092 2612 1138 vero
2686 1092 2767 1136 ex
2832 1068 2955 1136 hac
2998 1071 3327 1158 augustis-

664 1180 825 1258 sima
871 1184 1418 1245 sacrosanctorum
1463 1176 1790 1243 hominum
1851 1185 1919 1243 et
1960 1176 2303 1243 illustrium
2348 1176 2734 1266 principum
2779 1198 3016 1243 corona
3060 1198 3208 1252 cum
3259 1185 3327 1243 te

661 1283 1032 1367 intuebitur,
1087 1306 1215 1351 non
1259 1282 1752 1351 innumerabiles
1800 1285 2100 1351 victorias
2170 1292 2313 1351 tuas
2378 1292 2571 1371 atque
2637 1282 3045 1351 incredibiles
3116 1306 3327 1372 prope

662 1393 1074 1475 maximarum
1119 1413 1332 1458 rerum
1379 1398 1645 1458 eventus
1692 1388 2144 1478 obstupescet?
2232 1387 2397 1469 Quis
2463 1390 2683 1478 gaudii
2746 1389 2866 1457 tibi
2934 1392 3034 1457 sui
3092 1392 3327 1457 certis-

662 1500 825 1571 sima
870 1500 1052 1586 signa
1096 1519 1236 1577 non⁴
1268 1518 1434 1564 voce
1482 1498 1687 1564 solum
1732 1518 1811 1564 ac
1856 1497 2204 1585 plausibus,
2263 1496 2380 1564 sed
2423 1499 2581 1586 ipsis
2646 1499 2836 1565 etiam
2884 1519 3035 1585 prae
3079 1497 3321 1584 gaudio

661 1604 883 1688 effusis
958 1604 1240 1671 lacrimis
1312 1627 1442 1672 non
1513 1605 1953 1692 impertietur?
2066 1603 2130 1671 Ο
2203 1606 2559 1691 exspectati
2634 1606 2939 1693 temporis
3014 1604 3322 1687 felicitas,

660 1735 700 1794 o
744 1711 938 1793 beati,
1004 1712 1115 1797 qui
1181 1712 1474 1778 maximis
1541 1711 1839 1799 periculis
1904 1731 1981 1777 ac
2049 1711 2232 1778 malis
2278 1711 2568 1779 defuncti
2644 1712 2729 1779 ad
2772 1711 3118 1779 hodiernae
3166 1719 3325 1778 sunt

582 1876 593 1888 ἡ
663 1820 842 1909 pacis
921 1818 1227 1885 laetitiam
1298 1819 1633 1887 reservati!
1736 1818 1997 1896 Quanto
2073 1840 2227 1887 vero
2290 1818 2626 1901 beatiores,
2690 1822 2799 1907 qui
2863 1841 2938 1887 ea
3009 1818 3324 1889 bonorum

660 1947 922 2006 summa,
989 1947 1180 2012 quam
1250 1923 1409 1991 haec
1470 1925 1613 2013 ipsa
1676 1924 2029 1992 confecerit
2095 1948 2241 2014 pax,
2311 1925 2738 2013 perfruentur!
2828 1926 2960 1994 Sed
3021 1929 3324 2013 quoniam

659 2025 766 2103 hic
809 2032 1152 2101 hodiernus
1199 2030 1340 2098 dies
1388 2039 1455 2098 et
1496 2032 1901 2099 imminentes
1968 2032 2361 2099 calamitates
2424 2032 2674 2121 depulit
2741 2041 2809 2100 et
2874 2032 2959 2099 ad
3007 2034 3319 2122 optimam

638 2164 775 2210 ,nos
820 2142 889 2207 in
934 2147 1261 2228 posterum
1307 2160 1499 2227 spem,
1533 2139 1749 2221 erexit,
1816 2138 1962 2206 Deo
2008 2141 2250 2229 optimo
2319 2141 2593 2208 maximo
2662 2142 2952 2229 primum,
3021 2164 3060 2207 a
3131 2144 3319 2230 cujus

659 2258 773 2328 estj
804 2248 1061 2316 numine
1107 2267 1183 2313 ac
1228 2246 1622 2334 benignitate
1689 2269 1817 2335 pax
1885 2247 2193 2336 profecta,
2256 2247 2489 2316 deiude
2545 2249 2807 2315 summis
2881 2249 2976 2315 rei
3018 2245 3321 2337 publicae

661 2354 1078 2448 principibus,
1149 2355 1263 2441 qui
1308 2375 1344 2420 e
1389 2353 1572 2420 coelo
1618 2353 1917 2442 precibus
1966 2361 2298 2422 evocatam
2361 2377 2438 2422 ac
2482 2356 2615 2421 suis
2662 2363 3033 2445 conceptam
3080 2354 3321 2423 divini-

658 2474 763 2532 tus
810 2464 1036 2532 animis
1085 2468 1224 2528 -tam
1268 2459 1619 2528 liberaliter
1679 2483 1826 2529 cum
1873 2463 2103 2529 ceteris
2150 2464 2713 2545 communicarunt,
2780 2485 2874 2541 ea,
2939 2485 3127 2550 quam
3174 2487 3321 2531 ora-

657 2575 832 2640 tione
878 2569 1207 2656 cousequi-
1231 2589 1569 2657 possumus
1614 2569 1781 2656 grati
1824 2568 2023 2635 animi
2067 2569 2327 2658 pietate,
2392 2576 2542 2635 sunt
2606 2569 2849 2657 gratiae
2894 2568 3078 2637 nobis
3122 2592 3319 2659 agen—

549 2758 553 2760 *
657 2679 797 2747 dae.
890 2676 1337 2766 Agnoscimus,
1401 2674 1446 2740 J
1447 2696 1558 2741 esu
1626 2673 1903 2757 Christe,
1971 2676 2202 2742 summi
2261 2677 2461 2765 patris
2508 2676 2614 2755 fili,
2677 2684 2852 2742 tuam
2894 2677 2964 2741 in
3008 2679 3318 2766 populum

660 2798 840 2856 tuum
904 2785 1306 2853 clementiam
1371 2791 1438 2849 et
1500 2782 1855 2849 adoramus.
1963 2786 2059 2849 Tu
2123 2786 2381 2872 proprio
2440 2785 2713 2873 primum
2759 2791 2918 2849 nutu
2962 2792 3153 2870 atque
3196 2785 3320 2850 im—

658 2915 879 2961 mensa
945 2893 1176 2961 ductus
1241 2889 1651 2977 benignitate,
1722 2890 1926 2957 almae
1985 2890 2220 2958 deiude
2280 2898 2429 2957 tuae
2476 2891 2757 2978 parentis
2801 2890 3318 2978 reliquorumque

662 3001 961 3069 coelitum
1006 2994 1561 3087 deprecationibus
1631 3004 1927 3064 exoratus
1995 2997 2063 3062 in
2135 2995 2531 3065 difficillimis
2598 3005 2792 3084 atque
2847 2998 3315 3086 angustissimis

656 3105 1047 3195 temporibus
1096 3112 1342 3194 pestem
1388 3126 1427 3169 a
1472 3100 1655 3172 nobis
1701 3124 1780 3171 ac
1825 3104 2172 3191 perniciem
2237 3102 2555 3192 depulisti.
2648 3102 2750 3168 Tu
2819 3104 2999 3170 saevi
3063 3110 3129 3170 et
3194 3104 3316 3170 im-

656 3216 863 3280 manis
919 3212 1126 3280 hostis
1173 3232 1475 3279 accensas
1520 3212 1591 3276 in
1635 3211 1786 3278 fana
1852 3217 1964 3277 tua
2031 3232 2108 3278 ac
2152 3218 2327 3278 tecta
2392 3219 2609 3277 nostra
2675 3209 2851 3277 faces
2920 3211 3315 3291 exstinxisti,

655 3329 804 3388 tuae
849 3319 1128 3406 denique
1174 3318 1406 3385 mentis
1453 3319 1761 3387 serenitas
1809 3317 2092 3386 diuturni
2138 3318 2365 3384 erroris
2413 3318 2625 3385 nostri
2669 3317 3003 3404 caliginem
3046 3316 3317 3405 dispulit

654 3449 731 3494 ac
776 3424 1134 3514 dissipavit.

873 3531 1024 3600 Tibi
1087 3553 1264 3615 vero,
1352 3491 1666 3610 ClemenS,
1744 3530 2039 3620 pontifex
2102 3532 2397 3613 maxime,
2472 3554 2632 3618 quas
2707 3531 3004 3599 universa
3073 3531 3315 3600 Christi

652 3636 1033 3728 respublica,
1094 3638 1244 3707 fidei
1286 3660 1363 3707 ac
1431 3640 1655 3728 pietati
1699 3647 1847 3706 tuae
1893 3637 2139 3706 credita
2208 3660 2285 3706 ac
2350 3639 2707 3716 commissa,
2750 3640 2989 3727 gratias
3055 3638 3309 3717 habeat,

653 3749 835 3836 cujus
882 3769 1134 3837 semper
1178 3747 1424 3813 animus
1471 3747 1649 3834 pacis
1696 3745 1913 3814 studio
1959 3754 2149 3833 atque
2195 3767 2407 3812 amore
2453 3745 2767 3833 flagravit,
2824 3746 2953 3832 qui,
2998 3743 3153 3812 dum
3199 3768 3315 3834 per

653 3856 959 3923 maximas
1003 3875 1217 3921 rerum
1285 3875 1361 3920 ac
1417 3859 1778 3941 temporum
1845 3851 2260 3920 difficultates
2329 3860 2537 3920 mente
2599 3851 2849 3939 fideque
2917 3852 3159 3939 optima
3225 3851 3312 3920 ad

652 3981 877 4049 pacem
923 3957 1275 4041 contendis,
1335 3959 1534 4026 vitam
1579 3967 1755 4025 tuam
1802 3956 2141 4026 devoveris
2206 3967 2401 4046 atque
2469 3960 2536 4026 in
2604 3959 2958 4026 certissima
3026 3959 3312 4047 pericula

653 4075 849 4156 caput
925 4066 1290 4154 conjeceris.
1392 4065 1534 4132 Tua
1606 4073 1781 4156 certe
1853 4087 1969 4131 nos
2036 4063 2391 4154 prudentia,
2459 4072 2644 4132 tuum
2708 4066 2895 4132 istius
2962 4065 3309 4133 altissimae

651 4175 882 4241 mentis
928 4173 1279 4253 consilium,
1347 4179 1460 4239 tua
1503 4172 1857 4239 animorum
1904 4170 2492 4260 pertractandorum
2537 4172 2792 4260 peritia,
2852 4178 2965 4238 tua
3030 4171 3307 4259 denique

652 4280 994 4348 tolerantia
1038 4301 1115 4347 ac
1160 4280 1468 4368 patientia
1510 4277 1860 4346 hodiernae
1907 4300 2021 4345 nos
2082 4280 2260 4366 pacis
2307 4287 2634 4367 compotes
2682 4278 2857 4346 fecit.
2948 4277 3309 4346 Valuerunt

648 4388 795 4455 illae
840 4388 1151 4475 repetitae
1195 4388 1387 4453 toties
1436 4387 1937 4475 supplicationes
1983 4394 2150 4467 tuae,
2214 4394 2367 4453 vota
2412 4394 2727 4475 concepta
2798 4405 2876 4453 ac
2922 4387 3308 4474 nuncupata,

648 4503 826 4561 caste
870 4516 948 4562 ac
992 4495 1099 4582 pie
1144 4503 1480 4583 susceptae
1548 4495 1967 4582 precationes,
2037 4491 2277 4560 effusae
2339 4494 2553 4573 toties,
2614 4514 2881 4578 quarum
2947 4493 3106 4559 istae
3160 4512 3308 4558 arae
3377 4494 3380 4499 ’

649 4623 726 4666 ac
774 4601 1158 4668 sanctissimi
1202 4600 1335 4667 foci
1378 4607 1575 4667 testes
1622 4609 1792 4682 sunt,
1837 4601 2014 4689 pacis
2061 4597 2379 4667 desiderio
2416 4599 2711 4666 lacrimae
2756 4598 3105 4666 valuernut.

861 4706 1065 4774 Tuam
1112 4729 1286 4788 vere,
1346 4728 1583 4789 caesar,
1628 4708 1976 4794 imperator
2019 4706 2300 4773 omnium
2348 4706 2585 4792 optime
2630 4712 2822 4791 atque
2867 4705 3302 4786 invictissime,

648 4813 930 4901 magisne
957 4815 1153 4881 animi
1179 4811 1698 4902 magnitudinem,
1741 4811 2095 4880 bonitatem
2140 4833 2217 4879 ac
2247 4810 2808 4878 mansuetudinem
2839 4810 3300 4899 praedicemus,
