3525 5525
1967 441 2049 506 10

680 631 768 700 ad
811 632 1095 720 corporis
1142 631 1458 717 animique
1509 652 1770 697 munera
1816 629 2108 699 obeunda
2174 629 2344 698 bona
2389 630 2690 699 valetudo
2733 630 2972 698 dicitur
3015 640 3212 720 atque
3265 656 3349 700 ea

679 746 966 825 quatuor,
1038 734 1268 824 quibus
1323 738 1636 826 imprimis
1692 738 1908 804 vitalis
1952 738 2096 825 ipsa
2141 738 2241 804 vis
2296 738 2486 805 alitur
2530 759 2607 805 ac
2650 738 2926 819 fovetur,
2992 737 3344 807 humorum

676 865 991 910 consensu
1037 850 1104 910 et
1149 844 1431 910 amicitia
1473 852 1903 923 conservatur,
1949 866 2067 933 per
2120 844 2464 912 eorundem
2512 866 2665 912 vero
2710 866 2987 932 pugnam
3029 855 3096 914 et
3140 848 3345 934 quasi

672 949 1014 1016 tumultum
1061 950 1253 1017 variis
1299 971 1375 1016 ac
1422 949 1790 1038 plerumque
1837 950 2211 1038 perniciosis
2274 948 2638 1018 morborum
2708 949 3049 1039 generibus
3093 952 3345 1041 affligi-

672 1064 782 1123 tur
825 1064 893 1124 et
935 1058 1260 1124 evertitur.
1350 1054 1532 1136 Quid
1593 1054 1806 1123 dicam
1865 1055 1948 1122 de
1993 1056 2288 1139 fortunis,
2354 1078 2516 1144 quae
2562 1078 2688 1123 non
2734 1065 2983 1124 tantum
3027 1059 3094 1123 in
3140 1057 3341 1127 bonis

671 1161 1005 1240 ducuntur,
1082 1161 1200 1229 sed
1274 1184 1354 1228 ex
1409 1163 1732 1229 communi
1778 1163 1969 1228 etiam
2016 1185 2134 1229 usu
2195 1161 2496 1250 loquendi
2575 1163 2748 1230 solae
2823 1162 2948 1232 sibi
3012 1162 3340 1232 bonorum

671 1291 902 1336 nomen
957 1267 1331 1336 vindicant?
1419 1268 1582 1335 Illae
1662 1268 1923 1356 quidem
2006 1270 2185 1337 salvo
2251 1271 2390 1358 jure
2464 1292 2542 1338 ac
2614 1272 2875 1357 justitia,
2947 1292 3111 1359 quae
3176 1282 3341 1340 sunt

669 1376 980 1443 humanae
1027 1376 1353 1443 societatis
1396 1374 1669 1459 vincula,
1714 1375 1785 1443 id
1829 1384 1928 1443 est
1973 1377 2230 1464 vigente
2273 1376 2600 1444 hominum
2648 1398 2807 1464 pace
2852 1386 2919 1443 et
2962 1377 3337 1460 concordia,

669 1483 886 1550 salvae
931 1484 1272 1570 unicuique
1317 1490 1384 1548 et
1426 1482 1779 1549 incolumes
1827 1504 1968 1549 esse
2014 1490 2302 1572 possunt.
2392 1482 2588 1562 Quod
2648 1485 2705 1549 si
2768 1484 2911 1571 plus
2948 1481 3075 1552 sibi
3117 1482 3337 1551 homi-

669 1611 781 1655 nes
827 1595 1150 1676 appetant,
1218 1610 1409 1675 quam
1454 1588 1766 1654 humanae
1838 1590 2305 1677 conjunctionis
2359 1591 2478 1676 jus,
2552 1591 2735 1677 cujus
2781 1590 2988 1655 omnis
3034 1612 3117 1657 ex
3162 1612 3333 1678 pace

669 1702 770 1761 est
840 1703 978 1760 orta
1043 1696 1224 1776 ratio,
1299 1695 1595 1783 patiatur,
1677 1694 1745 1761 id
1815 1718 2008 1761 unum
2070 1703 2244 1762 certe
2289 1698 2355 1762 in
2402 1717 2595 1762 causa
2640 1704 2757 1776 est,
2830 1704 2904 1762 ut
2947 1697 3331 1785 saepissime

664 1800 842 1867 illinc
887 1800 1092 1867 aliena
1134 1800 1483 1868 invadendi
1527 1801 1883 1890 cupiditate
1928 1803 2229 1882 incitatis,
2265 1802 2415 1870 hinc
2458 1804 2629 1890 justa
2672 1803 2740 1868 in
2785 1803 2922 1869 suis
2964 1803 3328 1870 retinendis

665 1909 760 1974 ira
802 1907 1218 1974 inflammatis
1278 1906 1729 1974 dissidentium
1778 1909 2056 1996 partium
2103 1909 2331 1974 animis
2376 1910 2481 1996 agi
2525 1930 2602 1976 ac
2647 1911 2787 1996 rapi
2830 1908 3059 1989 omnia,
3127 1908 3328 1977 urbes

665 2021 732 2079 et
774 2037 961 2101 agros
1006 2015 1262 2095 vastari,
1309 2035 1488 2080 sacra
1559 2022 1626 2079 et
1688 2014 1958 2102 profana
2003 2014 2250 2095 violari,
2318 2035 2466 2080 suas
2526 2015 2832 2101 cujusque
2878 2036 3054 2102 opes,
3119 2016 3331 2104 impe·

664 2121 848 2203 rium,
896 2119 1317 2202 honestatem,
1373 2128 1565 2209 caput
1611 2122 1803 2186 etiam
1850 2123 2062 2208 ipsum
2106 2122 2174 2186 in
2205 2120 2556 2209 periculum
2603 2129 2671 2187 et
2713 2120 3055 2188 discrimen
3102 2125 3332 2190 vocari

666 2225 1013 2294 videamus.
1105 2227 1302 2306 Quod
1347 2228 1406 2293 si
1450 2228 1658 2294 minus
1705 2250 1785 2293 ex
1830 2227 1979 2308 his,·
2010 2249 2167 2314 quas
2209 2228 2587 2314 praesertim
2632 2236 2762 2295 tam
2806 2226 3088 2295 breviter
3131 2229 3332 2297 colle-

666 2334 893 2420 gimus,
955 2331 1325 2415 rationibus,
1391 2355 1637 2400 summa
1682 2355 1759 2400 ac
1826 2333 2013 2420 plane
2085 2332 2305 2400 divina
2373 2335 2550 2422 pacis
2612 2334 2852 2400 utilitas
2920 2354 2997 2401 ac
3041 2332 3329 2423 dignitas

664 2438 1271 2528 deprehenderetur,
1344 2460 1472 2504 non
1549 2460 1692 2504 eam
1764 2437 1960 2505 credo
2036 2436 2221 2504 nobis
2291 2440 2902 2526 sapientissimorum
2967 2442 3330 2508 sententiae

667 2544 1170 2634 comprobarent.
1279 2545 1484 2632 Atqui
1551 2566 1588 2609 e
1662 2544 1931 2611 Graecis
1994 2543 2306 2631 quendam
2376 2544 2617 2611 clarum
2694 2547 3044 2634 sapientiae
3135 2545 3328 2615 laude

664 2653 987 2719 hominem
1032 2650 1419 2718 carminibus
1465 2652 1888 2719 vaticinatum
1934 2651 2163 2733 ferunt,
2210 2674 2370 2739 quae
2415 2653 2482 2717 in
2528 2672 2739 2717 rerum
2784 2659 3009 2719 natura
3059 2661 3328 2742 totoque

663 2758 902 2827 mundo
948 2768 1332 2840 constarent,
1406 2780 1695 2847 quaeque
1771 2768 2193 2842 moverentur,
2268 2759 2549 2828 amicitia
2619 2759 2930 2841 contrahi,
2999 2758 3326 2830 discordia

662 2867 983 2954 dissipari.
1102 2867 1351 2943 Exime,
1441 2866 1605 2933 alius
1685 2867 1912 2952 inquit,
1989 2888 2070 2932 ex
2132 2889 2341 2935 rerum
2403 2875 2628 2934 natura
2697 2868 3181 2934 consensionem
3259 2878 3327 2936 et

661 2973 1190 3053 benevolentiam,
1236 2994 1356 3038 nec
1401 2972 1628 3040 domus
1675 2973 1806 3040 ulla
1850 2995 1970 3041 nec
2015 2972 2168 3041 urbs
2216 2983 2385 3041 stare
2435 2976 2671 3063 poterit
2715 2996 2835 3041 nec
2879 2975 3017 3061 agri
3060 2974 3321 3062 quidem

662 3077 873 3144 cultus
919 3077 1335 3167 permanebit.
1426 3079 1486 3144 E
1533 3086 1858 3167 poetarum
1921 3101 2077 3148 vero
2125 3102 2387 3147 numero
2450 3089 2617 3163 sunt,
2678 3081 2789 3168 qui
2853 3102 3076 3168 pacem
3121 3079 3325 3148 bono-

674 3207 814 3251 rum
860 3184 1211 3268 custodem,
1256 3186 1583 3252 hominum
1657 3186 1964 3266 altricem,
2034 3187 2144 3274 qui
2213 3187 2497 3273 justitiae
2552 3208 2850 3269 sororem,
2899 3187 3026 3274 qui
3071 3188 3324 3268 almam,

664 3292 775 3377 qui
812 3313 1022 3356 rerum
1056 3294 1336 3357 omnium
1368 3291 1894 3379 jucundissimam
1925 3291 2265 3379 appellant.
2359 3291 2491 3360 Sed
2534 3292 2759 3358 horum
2804 3293 3095 3360 fortassis
3140 3296 3324 3361 testi-

661 3400 882 3464 monia
944 3399 1158 3464 minus
1224 3396 1526 3485 ponderis
1596 3395 1834 3463 habere
1900 3395 2256 3479 videantur,
2318 3399 2431 3485 qui
2497 3399 2579 3463 iis
2626 3399 2849 3466 vixere
2921 3399 3320 3487 temporibus

662 3502 894 3591 quibus
941 3503 1224 3571 nondum
1269 3526 1458 3572 verae
1503 3505 1855 3593 sapientiae
1886 3502 2248 3573 hominibus
2293 3504 2507 3571 lumen
2553 3504 2896 3572 affulserat.
2988 3504 3118 3572 Sed
3164 3505 3322 3594 quid

669 3611 1060 3677 sanctissimi
1105 3633 1182 3677 ac
1227 3612 1688 3699 religiosissimi
1717 3613 1860 3692 viri,
1905 3612 2163 3700 pietatis
2193 3620 2447 3678 nostrae
2486 3612 2971 3700 locupletissimi
3023 3615 3322 3680 autores?

660 3718 772 3782 An
819 3740 943 3783 non
991 3717 1061 3783 hi
1119 3716 1477 3805 dignissimi
1539 3724 1709 3800 sunt,
1777 3739 2043 3805 quorum
2090 3719 2295 3784 omnis
2349 3716 2660 3785 divinitus
2729 3720 2961 3785 emissa
3003 3720 3069 3785 in
3115 3718 3319 3787 homi-

661 3846 813 3890 num
858 3844 1043 3890 aures
1102 3846 1228 3891 vox
1309 3845 1425 3911 pro
1501 3825 1774 3891 oraculis
1850 3822 2201 3891 habeatur?
2289 3825 2505 3911 Atque
2573 3845 2652 3890 ex
2728 3823 2828 3890 his
2896 3824 3175 3912 quidem,
3238 3849 3318 3892 ne

657 3950 880 3997 omnes
928 3930 1263 4011 nominem,
1309 3929 1568 4007 Paulus,
1615 3929 1937 4016 religionis
1987 3937 2238 3996 nostrae
2283 3930 2711 3996 firmissimum
2741 3930 3051 4012 columen,
3094 3932 3317 4020 Augu-

655 4037 880 4117 stinus,
913 4034 1310 4118 AmbrosiuS,
1350 4036 1807 4124 Hieronymus,
1853 4035 2224 4124 Gregorius,
2269 4058 2430 4124 quos
2474 4035 2733 4103 honoris
2779 4058 2856 4104 ac
2887 4039 3313 4105 venerationis

658 4165 853 4209 causa
898 4144 1174 4223 nomin0,
1234 4164 1360 4209 uno
1406 4164 1721 4209 consensu
1768 4151 1958 4229 atque
2004 4159 2129 4208 una
2175 4151 2241 4209 et
2285 4142 2508 4209 eadem
2558 4165 2735 4224 voce,
2796 4145 3044 4231 quoties
3092 4167 3315 4233 pacem

659 4272 906 4316 summe
978 4249 1255 4315 salutare
1326 4258 1516 4337 atque
1583 4271 1662 4315 ex
1730 4250 2026 4316 omnibus
2085 4251 2358 4317 maxime
2404 4249 2828 4339 expetendum
2890 4247 3129 4318 bonum
3176 4273 3314 4317 esse

655 4353 1028 4444 praedicant
1075 4364 1141 4422 et
1184 4355 1269 4423 ad
1314 4378 1455 4421 eam
1498 4357 1789 4444 inprimis
1846 4355 2331 4443 amplexandam
2375 4355 2817 4424 adhortantur!
2908 4355 3163 4435 Pacem,
3217 4359 3313 4423 in-

652 4463 897 4550 quiunt,
960 4463 1316 4549 sequimini,
1378 4464 1516 4529 sine
1561 4484 1689 4550 qua
1732 4485 1920 4529 nemo
1964 4461 2156 4528 deum
2221 4461 2482 4530 videbit.
2577 4462 2810 4529 Pacem
2883 4463 2995 4548 qui
3055 4463 3308 4551 accipit,
3437 4563 3443 4569 ῃ

651 4575 882 4646 teneat,
945 4572 1052 4655 qui
1098 4567 1395 4657 perdidit,
1462 4576 1730 4656 repetat,
1784 4570 1894 4655 qui
1947 4569 2179 4650 amisit,
2242 4571 2545 4656 exquirat.
2640 4567 2997 4636 Abdicatos
3070 4577 3138 4637 et
3203 4592 3311 4636 ex-

651 4673 920 4742 heredes
996 4674 1105 4742 dei
1179 4674 1363 4755 filios,
1435 4676 1544 4761 qui
1621 4696 1843 4763 pacem
1921 4683 2361 4763 aspernantur,
2448 4674 2801 4763 appellant3
2885 4673 3082 4742 iidem
3160 4699 3311 4742 ven-

652 4786 863 4851 turam
929 4780 1014 4852 ad
1079 4802 1227 4851 eum
1296 4803 1614 4872 nunquam
1682 4779 1792 4849 dci
1854 4781 2335 4865 haereditatem,
2401 4783 2512 4875 qui
2578 4803 2706 4850 non
2772 4781 3077 4851 observet
3131 4783 3306 4874 pacis
