3525 5525
1910 426 1991 491 12

624 615 1107 704 amplitudinem
1152 616 1342 683 facile
1371 617 1429 683 is
1454 617 1817 704 perspiciet,
1861 617 1972 704 qui
2017 618 2209 684 tacita
2238 617 2432 684 tuerit
2456 625 2831 705 personatus
2872 619 3274 706 cogitatione,

619 731 777 812 quot
829 725 1149 812 principes
1194 731 1308 790 aut
1351 746 1464 810 per
1508 746 1579 790 se
1625 732 1737 791 aut
1783 745 1897 812 per
1940 724 2184 812 legatos
2230 746 2398 803 suos,
2464 724 2970 811 spectatissimos
3016 730 3087 791 et
3127 747 3272 812 gra-

620 831 921 897 vissimos
966 832 1160 909 viros,
1205 832 1272 896 in
1315 830 1504 918 hujus
1552 832 1728 918 pacis
1776 831 2213 897 sanctissimas
2245 830 2419 917 leges
2464 831 2735 917 jurarint
2776 851 2854 897 ac
2899 834 3272 897 societatem

619 938 786 1003 inter
830 957 901 1002 se
947 938 1230 1004 coierint.
1322 936 1509 1016 Quae
1573 939 1744 1002 enim
1819 936 2149 1004 christiani
2192 938 2469 1003 nominis
2517 957 2685 1024 ‘pars
2754 956 2914 1024 pace
2977 935 3099 1004 hac
3145 959 3270 1002 non

621 1042 1195 1130 comprehenditur,
1260 1065 1423 1130 quae
1479 1043 1608 1109 Dei
1670 1045 1903 1109 summi
1966 1044 2324 1110 certissimo
2399 1044 2654 1109 numine
2726 1043 3066 1130 aspirante,
3125 1041 3272 1109 Cle-

620 1150 852 1216 mentis
898 1147 1042 1216 VII
1111 1150 1424 1237 pontificis
1483 1151 1762 1230 maximi,
1831 1148 2046 1215 Caroli
2090 1149 2160 1217 V
2218 1149 2491 1215 caesaris
2538 1150 2810 1237 augusti,
2872 1149 3271 1237 imperatoris

618 1257 844 1323 invicti
888 1261 1251 1343 (utrumque
1296 1258 1654 1323 sanctitatis
1701 1264 1770 1323 et
1814 1257 2162 1343 majestatis
2227 1276 2422 1323 causa
2485 1256 2763 1337 nomino)
2819 1255 3096 1338 hortatu,
3163 1278 3272 1322 au·

614 1364 856 1451 spiciis,
898 1361 1116 1443 ductu,
1160 1363 1501 1429 autoritate
1523 1360 1833 1430 hodierno
1864 1361 1971 1429 die
2016 1363 2084 1427 in
2114 1361 2239 1428 hoc
2272 1363 2677 1428 sanctissimo
2707 1360 2976 1429 delubro
3003 1360 3089 1429 ad
3106 1360 3273 1429 illud

616 1476 1088 1535 sacrosanctum
1122 1468 1319 1533 altare
1338 1487 1415 1533 ac
1440 1467 1733 1554 pulvinar
1753 1468 1951 1533 sacris
1976 1469 2098 1534 rite
2128 1468 2447 1555 susceptis
2476 1474 2544 1533 et
2567 1470 2862 1553 peractis,
2892 1469 3143 1535 sancita
3171 1475 3271 1535 est

613 1582 682 1640 et
699 1575 1085 1642 constituta?
1129 1573 1319 1640 Hanc
1343 1572 1468 1640 sibi
1501 1596 1582 1661 pa
1591 1596 1726 1640 cem
1749 1573 2153 1655 Franciscus,
2172 1573 2422 1640 Galliae
2452 1595 2589 1656 rex,
2616 1575 2717 1641 vir
2745 1573 3269 1642 bellicosissimus

612 1689 680 1747 et
723 1681 1242 1769 opulentissimus
1267 1679 1562 1768 idemque
1581 1682 1754 1747 omni
1774 1681 1974 1767 regali
1998 1679 2190 1747 laude
2216 1682 2815 1768 praestantissimus,
2861 1703 3066 1770 neque
3090 1703 3260 1749 oom-

612 1789 790 1853 muni
814 1794 1063 1854 tantum
1086 1788 1393 1874 majorum
1413 1809 1667 1853 suorum
1689 1789 2084 1873 cognomine,
2100 1787 2217 1854 sed
2242 1809 2435 1854 sensu
2462 1788 2657 1854 etiam
2677 1795 2746 1854 et
2768 1788 3092 1856 voluntate
3107 1786 3272 1854 chri-

613 1893 1057 1974 stianissimus,
1084 1900 1369 1980 optatam
1417 1899 1484 1959 et
1510 1891 2036 1980 jucundissimam
2066 1915 2211 1961 esse
2231 1917 2345 1981 per
2372 1894 2615 1981 legatos
2644 1894 3035 1961 testificatur.
3083 1894 3272 1961 Hanc

613 1998 958 2092 Henricus,
1004 1999 1369 2065 Britanniae
1415 2020 1546 2080 rex,
1595 2001 1692 2066 vir
1723 2022 1969 2067 summa
1990 2000 2244 2081 virtute,
2290 2021 2493 2087 neque
2520 2000 2589 2066 in
2618 2000 2781 2066 bello
2809 2001 3033 2083 acrior,
3078 2023 3271 2088 quam

616 2107 794 2194 pacis
842 2113 911 2172 et
954 2104 1333 2172 concordiae
1380 2106 1710 2186 amantior,
1777 2107 1964 2173 novis
2012 2129 2214 2195 nuper
2281 2107 2507 2194 legatis
2554 2107 2766 2173 missis
2812 2105 3269 2196 comprobavit.

615 2211 799 2291 Quid
842 2211 888 2278 J
887 2234 1141 2290 oannes,
1188 2211 1556 2278 Lusitaniae
1604 2234 1732 2304 teir,
1781 2213 1883 2278 vir
1927 2233 2074 2278 cum
2121 2220 2421 2297 paternae
2485 2213 2725 2299 gloriae
2770 2212 3064 2295 stimulis,
3139 2221 3273 2280 tum

617 2319 813 2384 animi
856 2341 973 2385 sua
1018 2318 1451 2406 magnitudine
1518 2317 1602 2385 ad
1676 2340 1877 2384 novas
1924 2328 1992 2386 et
2055 2327 2204 2386 ante
2249 2321 2501 2407 ignotas
2548 2318 2774 2386 mundi
2839 2325 3051 2408 partes
3097 2318 3274 2387 inda-

613 2424 852 2512 gandas
898 2433 1088 2513 atque
1133 2424 1220 2492 ad
1265 2427 1402 2493 veri
1444 2423 1555 2491 dei
1599 2425 1842 2492 cultum
1914 2424 2325 2493 adducendas
2370 2427 2634 2493 mirifice
2678 2427 3000 2508 incitatus,
3066 2446 3277 2492 nonne

617 2532 673 2597 is
720 2530 995 2599 assiduis
1043 2530 1339 2618 precibus
1381 2532 1508 2618 jam
1555 2530 1689 2612 diu,
1749 2539 1823 2597 ut
1866 2531 2026 2598 haec
2071 2554 2200 2619 pax
2263 2533 2460 2613 fleret,
2526 2539 2596 2598 et
2638 2531 3080 2600 adhortatione
3127 2554 3278 2600 con-

625 2636 874 2704 tendit?
962 2636 1143 2717 Quid
1205 2660 1359 2704 vero
1424 2636 1506 2704 de
1574 2625 1853 2704 caesaris
1914 2637 2113 2704 fratre
2174 2637 2602 2719 Ferdinando,
2671 2638 3039 2705 Pannoniae
3111 2660 3280 2726 rege,

624 2743 876 2812 dicam?
921 2745 1060 2812 viro
1107 2767 1233 2811 non
1281 2741 1473 2811 modo
1517 2745 2010 2832 generosissimo
2057 2767 2133 2812 ac
2177 2744 2549 2826 fortissimo,
2617 2743 2736 2812 sed
2781 2768 2908 2812 uno
2953 2745 3147 2812 etiam
3193 2742 3279 2811 ad

620 2855 966 2918 Turcarum
1012 2852 1293 2918 furorem
1340 2848 1889 2939 comprimendum
1956 2857 2146 2938 atque
2213 2852 2492 2939 impetus
2561 2848 3026 2939 propulsandos
3094 2873 3282 2940 para-

622 2958 869 3024 tissimo
887 2960 920 3024 ‘2
1008 2957 1283 3037 Quoties
1358 2956 1470 3024 ille
1531 2979 1648 3045 per
1709 2957 1953 3044 legatos
2013 2957 2387 3044 litterasque
2449 2979 2595 3023 suas
2655 2979 2881 3046 pacem
2939 2958 3282 3045 expetivit!

619 3064 723 3130 De
768 3062 1177 3151 Sigismundo
1222 3085 1397 3145 vero,
1460 3063 1765 3130 Poloniae
1810 3085 1979 3152 rege,
2053 3085 2206 3130 sene
2252 3062 2751 3151 prudentissimo
2821 3071 3011 3151 atque
3054 3064 3275 3152 impiis

617 3192 693 3236 ac
738 3171 1020 3236 finitimis
1065 3169 1357 3237 hostibus
1413 3167 1812 3237 debellandis
1886 3171 2430 3251 exercitatissimo,
2497 3168 2655 3258 quid
2715 3171 2944 3236 attinet
3010 3168 3276 3237 dicere?

619 3276 915 3356 Quantae
1003 3278 1060 3342 is
1137 3277 1381 3344 laetitia
1455 3276 1627 3342 hunc
1703 3274 1786 3342 de
1858 3297 2019 3362 pace
2094 3277 2382 3342 nuntium
2458 3276 2753 3364 excipiet,
2834 3278 2947 3363 qui
3018 3297 3277 3363 semper

624 3407 661 3450 a
708 3382 1199 3450 christianorum
1246 3381 1587 3451 discordiis
1619 3404 1695 3449 ac
1724 3380 2233 3449 dissensionibus
2267 3404 2393 3448 non
2436 3383 2581 3449 loco
2624 3384 2771 3470 ipso
2816 3380 3009 3449 modo
3054 3378 3284 3448 abfue-

582 3527 589 3534 ·
619 3493 728 3570 rit,
773 3489 892 3557 sed
935 3491 1147 3556 animo
1193 3490 1388 3555 etiam
1456 3496 1525 3555 et
1568 3488 1835 3554 consilio
1882 3487 2311 3556 abhorruerit!
2400 3489 2618 3576 Atque
2684 3489 2754 3553 hi
2798 3487 3056 3576 quidem
3101 3496 3286 3554 extra

621 3597 875 3664 Italiam
947 3618 1165 3663 omnes
1220 3595 1306 3662 ad
1376 3615 1778 3660 communem
1853 3595 1945 3660 rei
2020 3593 2315 3681 publicae
2390 3616 2650 3661 causam
2695 3595 3055 3662 voluntates
3127 3615 3282 3660 suas

629 3711 1051 3792 aggregarunt
1113 3711 1180 3768 et
1239 3700 1434 3768 iidem
1482 3708 1550 3768 et
1593 3709 1739 3766 ante
1787 3722 1934 3766 cum
1990 3701 2261 3766 caesaris
2306 3701 2575 3788 imperio
2642 3701 3171 3788 conspiraverunt
3219 3707 3286 3765 et

627 3809 997 3878 hodiernam
1046 3829 1271 3895 pacem
1318 3829 1547 3894 magno
1616 3808 1972 3873 animorum
2045 3827 2310 3874 assensu
2374 3815 2441 3874 et
2485 3807 2858 3873 certissimis
2904 3805 3286 3873 auxiliorum

624 3915 956 4004 promissis
1030 3936 1107 3980 ac
1153 3911 1719 4002 pollicitationibus
1784 3911 1867 3979 ad
1914 3911 2154 3980 bellum
2198 3921 2420 3980 contra
2482 3915 2715 4001 impios
2761 3922 2951 4000 atque
2995 3912 3286 3980 infensos

624 4023 865 4089 nomini
946 4028 1168 4087 nostro
1243 4020 1462 4087 hostes
1537 4018 2018 4108 suscipiendum
2082 4040 2160 4086 ac
2219 4017 2570 4106 gerendum
2633 4027 2835 4086 ratam
2879 4019 3174 4086 fecerunt
3222 4025 3289 4086 et

626 4124 1158 4216 approbaverunt.
1247 4125 1291 4192 ,J
1291 4149 1395 4192 am
1443 4148 1596 4193 vero
1662 4128 1730 4191 in
1799 4125 1991 4193 Italia
2062 4127 2335 4213 primum
2381 4125 2829 4192 florentissima
2889 4126 3286 4193 Venetorum

625 4232 1005 4322 respublica,
1083 4254 1246 4320 quae
1315 4232 1656 4321 plurimum
1712 4254 1964 4321 semper
2035 4231 2389 4301 domestica
2451 4231 2811 4320 disciplina,
2877 4231 3283 4301 terrestribus

622 4342 827 4429 copiis
902 4349 969 4408 et
1014 4340 1228 4406 navali
1293 4339 1495 4427 gloria
1543 4340 1748 4407 valuit
1814 4362 1889 4407 ac
1936 4339 2181 4421 floruit;
2241 4338 2478 4408 deinde
2521 4338 2904 4407 Franciscus
2964 4338 3286 4428 Sphorfia,

626 4445 983 4514 Mediolani
1026 4445 1180 4528 du1,
1246 4447 1347 4513 vir
1389 4448 1647 4535 ingenio
1712 4455 1779 4513 et
1845 4448 2085 4514 virtute
2152 4447 2458 4534 singnlari
2520 4468 2598 4513 ac
2665 4447 3025 4513 firmissimo
3090 4446 3286 4513 animi

615 4553 845 4622 robore
889 4555 957 4619 in
1002 4561 1266 4640 utraque
1333 4553 1602 4621 fortuna
1644 4553 1913 4621 ferenda
1957 4552 2306 4642 praeditus,
2373 4554 2561 4620 nnius
2622 4551 3003 4620 concordiae
3070 4552 3285 4620 studio

629 4659 895 4728 adducti
939 4682 1067 4727 non
1112 4659 1390 4730 libenter
1432 4669 1699 4743 tantum,
1765 4660 1885 4728 sed
1929 4663 2121 4728 etiam
2166 4661 2462 4728 alacriter
2506 4661 2867 4748 propositas
2935 4656 3060 4727 sibi
3107 4659 3282 4747 pacis

630 4767 1030 4840 conditiones
1106 4775 1507 4861 acceperunt.
1606 4766 1719 4839 Ad
1790 4768 2015 4839 horum
2091 4774 2303 4838 autem
2379 4787 2760 4839 consensum
2835 4787 3015 4837 suam
3096 4785 3283 4862 quam
