3525 5525
1880 1406 2332 1506 ROMULI

1705 1530 2060 1597 AMASEI
2106 1530 2233 1595 DE
2279 1529 2516 1597 PAOE

1923 1636 2290 1703 ORATIO.

1494 1827 1582 1882 IN
1623 1826 1957 1911 COMMEN
1961 1826 2258 1882 DATION
2263 1827 2376 1882 EM
2411 1827 2718 1884 ROMULI

1558 1914 1970 1983 deeastiehon
2016 1915 2253 1981 Auiani
2297 1919 2667 2005 Burgonii.1)

1761 2056 1952 2122 PAX
1999 2056 2498 2135 LOQUITUR.

1202 2198 1370 2276 Quis
1420 2218 1626 2265 novus
1672 2196 1779 2263 hic
1824 2201 2068 2285 paean?
2112 2204 2327 2263 tantae
2372 2220 2533 2284 quae
2577 2200 2781 2286 gratia
2825 2200 3045 2266 voc-is?

1310 2304 1524 2370 Aures
1573 2325 1736 2390 quae
1783 2303 2063 2390 complet
2106 2300 2377 2369 buccina
2421 2304 2592 2370 clara
2636 2309 2849 2370 meas?

1199 2410 1428 2477 Sidera
1472 2409 1758 2476 melliflui
1801 2415 2103 2475 resonant
2147 2409 2573 2476 modulamine
2619 2419 2842 2477 cautus

1313 2515 1842 2602 Summorumque
1887 2538 2072 2582 aures
2119 2538 2247 2583 vox
2290 2516 2445 2581 ferit
2486 2518 2613 2582 ista
2658 2515 2862 2583 deum.

1204 2623 1515 2689 Romulus
1561 2621 1667 2688 hio
1713 2644 1921 2687 nonne
1968 2625 2109 2688 est?
2154 2646 2211 2704 o,
2255 2622 2357 2690 bis
2404 2645 2506 2688 me
2552 2632 2772 2710 terque
2817 2622 3082 2705 beatam,

1303 2728 1543 2796 Laudis
1589 2730 1695 2796 cui
1740 2750 1932 2818 preoo
1977 2731 2245 2818 eontigit
2288 2731 2410 2797 iste
2455 2732 2663 2797 meae!

1197 2838 1379 2915 Quas
1428 2834 1550 2903 tibi
1595 2858 1762 2903 nune
1809 2837 1920 2902 tali
1966 2836 2235 2903 referam
2282 2860 2399 2925 pro
2445 2859 2701 2903 munere
2745 2846 2974 2924 grates,

1308 2943 1599 3025 Romule,
1643 2944 1755 3030 qui
1799 2964 2029 3008 nomen
2073 2944 2248 3009 tollis
2294 2946 2359 3009 in
2406 2952 2577 3009 astra
2621 2946 2872 3010 meum?

1178 3049 1364 3115 Alter
1411 3050 1536 3115 eris
1582 3051 1709 3135 jam
1756 3056 1826 3114 tu
1873 3053 2012 3132 (nee
2058 3072 2159 3115 me
2206 3072 2383 3115 mens
2430 3050 2621 3134 fallit)
2669 3049 2750 3117 ab
2796 3050 2923 3130 illo,

1303 3157 1573 3221 Romani
1617 3156 1917 3243 princeps
1964 3157 2074 3242 qui
2116 3155 2245 3222 fuit
2289 3156 2541 3243 eloquii.

1488 3345 1787 3400 HABITA
1822 3345 1980 3401 BON
1985 3345 2092 3401 ΟΝ
2097 3345 2247 3400 IAE.
2322 3342 2710 3404 GALENDIS
2803 3396 2810 3400 ,

1670 3434 2066 3491 JANUARII.
2104 3435 2184 3491 M.
2222 3435 2294 3489 D.
2332 3436 2523 3491 XXX.

979 4841 1024 4915 ι)
1062 4841 1426 4914 Powyzezego
1462 4840 1687 4898 wiersza
1720 4839 1818 4896 nie
1853 4838 1999 4911 maja
2036 4838 2287 4911 kodeksy
2321 4836 2725 4910 Tomioyanbw.
