3525 5525
1480 493 1565 556 21

171 677 443 763 optime
488 631 785 766 pmviun,
828 701 911 745 ιο
952 682 1113 767 qna
1152 680 1525 748 dant-ne
1560 704 1665 747 m
1704 679 1972 748 dne-te
2003 681 2354 768 pti-mini.
2443 679 2657 767 enfin
2687 680 2856 746 enim

170 804 297 847 vos
351 794 706 873 vesu-aque
748 789 961 854 onnia
1014 809 1397 854 coma-nte
1438 791 1721 875 itemque
1764 785 2138 855 defendat.
2227 790 2568 854 Praeterea
2613 794 2856 853 tautam

168 891 2862 982 spemetfiduda-invoeuao-nimfidevoeffisqneamispomiet

169 995 529 1077 collocavi,
592 1008 833 1065 utme
898 998 1611 1067 absenteabininieis
1684 998 1950 1087 aliquod
2009 999 2486 1066 incommodum
2549 1001 2861 1086 iuregno

174 1100 1049 1173 intonoudttine-dm.
1136 1105 2860 1186 De-eautem,ol'necm‚timeredesiuioe‚siiu·

174 1207 362 1290 juste
398 1212 639 1276 nemini
674 1210 2858 1300 bellnmintuEnullumoffendietnisilaoessitmooumaliquem

174 1334 371 1381 arma
408 1319 670 1404 sumpsi,
706 1320 768 1384 si
803 1323 1018 1387 omnia
1058 1321 1515 1397 mescoffilis,
1556 1321 2228 1408 omnesoogitationes
2277 1317 2859 1407 semperaddeum

171 1418 637 1500 immortalem,
674 1441 865 1511 quem
890 1426 1049 1492 mihi
1074 1429 1420 1515 pmpffinm
1438 1449 1582 1493 eme
1607 1426 1889 1507 confido,
1917 1425 2124 1504 retuli,
2169 1425 2552 1515 speravique
2583 1446 2662 1492 ao
2691 1424 2861 1513 sple—

179 1526 591 1610 raredebeo,
632 1530 1250 1618 illumproeomilzi,
1287 1553 1643 1609 acrum,
1686 1533 1958 1620 gratiam
2003 1530 2370 1598 relatum-um.
2429 1529 2863 1619 Siquidvero

180 1631 465 1699 adversi
488 1636 847 1723 eontigerit,
888 1640 1700 1726 aequoanimoparatoque
1744 1639 1972 1726 patiar.
2063 1635 2284 1704 Nolite
2328 1658 2602 1725 quoque,
2645 1635 2865 1716 nolite,

185 1741 486 1827 inquam,
528 1743 908 1826 exi-fimare,
950 1746 1345 1831 vir-ioptimi,
1389 1743 1565 1832 quod
1607 1767 1729 1833 ego
1774 1746 1897 1811 sim
1944 1753 2078 1811 tam
2123 1743 2300 1810 ferus
2345 1742 2706 1831 senemque,
2750 1743 2864 1831 qui

186 1844 490 1914 lacrimis
534 1851 1002 1917 amantissimae
1044 1852 1263 1917 uxoris
1328 1874 1460 1917 non
1527 1872 1806 1932 movear,
1880 1851 1993 1938 qui
2062 1848 2422 1917 dulcissimi
2494 1848 2673 1915 filioli
2737 1849 2865 1916 mei

187 1953 506 2039 amplexu
572 1977 699 2021 non
760 1953 1063 2039 oblecter,
1132 1957 1245 2044 qui
1311 1965 1599 2024 vestrum
1674 1958 1956 2023 omnium
2021 1976 2245 2045 preces
2301 1977 2430 2023 non
2491 1953 2751 2023 audiam
2798 1963 2866 2022 et

194 2059 409 2125 totius
454 2062 633 2148 regni
673 2083 1026 2129 moerorem
1092 2086 1221 2129 non
1280 2063 1649 2151 intelligam.
1740 2062 1928 2129 Haec
1989 2070 2181 2149 atque
2242 2061 2370 2129 alia
2427 2068 2576 2130 ante
2641 2060 2863 2130 oculos

193 2164 469 2234 assidue
520 2175 856 2235 versantur
898 2178 965 2235 et
1006 2191 1269 2236 moneor
1310 2169 1491 2237 hisce
1534 2167 1745 2251 rebus,
1808 2170 1902 2236 ita
1945 2177 2178 2250 tamen,
2222 2175 2296 2235 ut
2337 2165 2640 2256 dignitati
2683 2187 2864 2234 meae

198 2279 271 2338 et
317 2275 646 2340 communi
687 2274 1073 2344 christianae
1115 2278 1211 2342 rei
1254 2275 1551 2365 publicae
1595 2275 1874 2342 ulilitate
1919 2273 2231 2342 studeam.
2319 2273 2561 2355 Quare,
2623 2272 2867 2362 egregii

196 2377 348 2455 viri,
393 2379 641 2466 parcite
682 2382 811 2467 jam
837 2381 1115 2448 lacrimis
1161 2390 1229 2449 et
1270 2403 1622 2450 maerorem
1660 2380 1969 2469 deponite
1997 2380 2621 2469 cil-cumspiciteque,
2664 2400 2866 2468 quan-

188 2488 305 2551 tae
350 2486 450 2551 rei
491 2483 786 2572 publicae
829 2487 1213 2556 christianae
1267 2487 1647 2557 incumbunt
1711 2487 2030 2577 procellae
2093 2495 2161 2554 et
2229 2492 2675 2576 tempestates,
2737 2485 2865 2552 nisi

200 2610 330 2677 ego
385 2608 735 2672 occurram,
802 2613 930 2659 non
973 2594 1141 2660 enim
1188 2592 1396 2660 solum
1439 2593 1525 2661 de
1569 2601 1741 2661 statu
1787 2614 1951 2674 meo,
2015 2591 2134 2660 sed
2177 2590 2260 2660 de
2306 2591 2612 2681 religione
2655 2589 2865 2680 deque

204 2699 537 2764 communi
580 2700 863 2766 omnium
906 2699 1111 2767 salute
1178 2698 1585 2789 cogitandum
1649 2706 1752 2767 est
1814 2705 2007 2788 atque
2053 2695 2539 2788 providendum,
2603 2705 2675 2765 ut
2722 2718 2865 2764 mco

201 2801 448 2882 labore,
512 2806 813 2887 consiliis,
876 2806 1108 2896 opibus
1153 2807 1460 2876 afflictam
1515 2806 1770 2873 Italiam
1833 2806 2148 2894 imprimis
2217 2802 2570 2887 sublevem,
2635 2825 2862 2892 paoem

195 2909 372 2977 inter
440 2912 762 2999 principes
824 2912 1204 2980 christianos
1281 2915 1362 2997 (si
1433 2913 1562 2980 ulla
1629 2914 1875 2979 ratione
1942 2912 2079 2979 fleri
2134 2911 2393 3000 poterit)
2465 2930 2867 2999 componam,

193 3014 505 3098 furorem,
567 3017 907 3085 maledicta
971 3039 1049 3085 ac
1112 3018 1411 3086 libidines
1474 3017 1838 3100 multorum,
1905 3019 2017 3106 qui
2079 3015 2239 3084 mihi
2307 3026 2375 3085 et
2440 3017 2666 3084 honori
2721 3039 2866 3084 meo

204 3118 574 3204 detrahunt,
618 3125 979 3212 reprimam,
1025 3146 1251 3213 meque
1297 3133 1363 3192 et
1390 3124 1765 3213 dignitatem
1798 3146 2005 3191 meam
2052 3122 2135 3192 ab
2180 3120 2423 3189 invidis
2470 3143 2867 3204 conservem,

203 3249 456 3316 vosque
502 3253 541 3295 a
584 3227 753 3296 bello
799 3237 867 3296 et
908 3232 1154 3317 impetu
1198 3230 1494 3307 hostium,
1540 3227 1713 3317 quod
1756 3229 1947 3296 facile
1981 3234 2195 3296 vestra
2224 3249 2346 3318 ope
2416 3228 2561 3296 fieri
2608 3228 2864 3318 poterit,

194 3331 562 3402 defendam.

421 3441 609 3521 Quae
654 3440 913 3530 quidem
957 3442 1171 3507 omnia
1241 3463 1358 3529 per
1402 3464 1607 3508 meam
1670 3443 1736 3507 iu
1796 3440 2049 3508 Italiam
2096 3440 2557 3529 profectionem
2606 3440 2869 3529 optime,

186 3555 281 3614 ut
327 3548 551 3614 statim
598 3546 784 3615 vobis
850 3545 1204 3628 ostendam,
1272 3548 1407 3614 fieri
1474 3554 1791 3635 poterunt.
1881 3546 2033 3613 Tria
2094 3546 2294 3635 igitur
2355 3553 2507 3613 sunt
2575 3546 2869 3628 maxima,

206 3676 377 3739 quae
423 3676 526 3720 me
572 3662 812 3742 cogunt
856 3661 924 3720 et
966 3652 1322 3741 impellunt,
1389 3661 1462 3719 ut
1516 3654 1582 3718 iu
1630 3651 1885 3719 Italiam
1929 3652 2261 3739 trajiciam.
2355 3648 2572 3717 Ardor
2615 3651 2867 3740 religio-

204 3761 309 3825 nis
358 3758 657 3838 tuendae,
700 3756 1088 3826 desiderium
1134 3759 1471 3825 clementia
1516 3764 1581 3823 et
1618 3757 2134 3844 magnanimitate
2178 3756 2245 3822 in
2292 3755 2551 3824 afflictis
2600 3754 2864 3825 urbibus

205 3864 459 3946 utendi,
528 3865 788 3932 honoris
835 3872 903 3931 et
947 3863 1279 3952 dignitatis
1326 3885 1505 3930 meae
1551 3859 2026 3930 conservandae
2071 3881 2149 3929 ac
2194 3863 2374 3950 pacis
2418 3862 2588 3929 iuter
2631 3862 2868 3951 princi-

195 3994 315 4060 pes
363 3972 746 4038 christianos
790 3969 1271 4059 componendae
1338 3967 1592 4058 cupido.
1683 3969 1871 4049 Quae
1934 3969 2147 4037 omnia
2218 3970 2314 4036 ita
2381 3967 2540 4035 mihi
2583 3967 2868 4039 curanda

201 4088 374 4157 sunt,
433 4086 508 4145 ut
551 4099 654 4144 me
701 4099 826 4142 non
873 4085 1093 4143 natum
1148 4075 1234 4144 ad
1277 4076 1480 4142 otium
1525 4083 1592 4143 et
1635 4076 1934 4164 quietem,
2003 4073 2120 4143 sed
2164 4073 2250 4142 ad
2294 4074 2544 4143 labores
2591 4081 2661 4141 et
2705 4075 2868 4163 vigl-

199 4184 325 4251 lias
373 4191 445 4251 et
487 4203 891 4251 communem
937 4182 1223 4248 omnium
1267 4181 1612 4247 utilitatem
1658 4200 1807 4247 esse
1853 4187 2091 4269 putem.
2182 4178 2324 4247 Nec
2378 4186 2719 4268 propterea
2764 4201 2867 4249 me

200 4314 240 4356 a
285 4291 437 4357 Deo
484 4290 734 4376 optimo
779 4288 1057 4355 maximo
1102 4285 1188 4354 ad
1230 4292 1476 4352 tantum
1544 4286 1880 4373 imperium
1928 4282 2204 4352 arbitror
2247 4292 2562 4367 evectum,
2609 4292 2681 4353 ιιι
2722 4286 2871 4353 reli-

195 4399 462 4486 gionem
510 4397 649 4482 ejus
696 4395 1011 4482 negligam
1056 4413 1137 4459 ac
1179 4412 1389 4457 mores
1435 4390 1782 4472 hominum,
1839 4391 1951 4478 qui
1994 4391 2122 4477 jam
2167 4388 2282 4460 diu
2326 4390 2595 4480 collapsi
2636 4391 2870 4479 jacent,

196 4510 632 4581 contemnam,
677 4497 796 4566 sed
839 4507 914 4566 ιιι
945 4498 1121 4565 illam
1146 4497 1529 4577 confirmem,
1573 4494 1693 4562 hos
1719 4515 1873 4562 vero
1915 4496 2279 4563 instaurem.
2369 4494 2632 4565 Videtis
2678 4496 2869 4580 enim,

200 4617 276 4676 ut
319 4605 614 4696 qnotidie
677 4605 901 4692 religio
969 4603 1315 4671 christiana
1358 4602 1681 4682 minuitur,
1748 4608 1821 4667 ut
1863 4600 2041 4690 leges
2100 4600 2183 4670 ab
2251 4604 2530 4691 antiquis
2578 4600 2868 4691 patribus

195 4714 482 4782 traditae
526 4718 903 4797 ceteraeque
948 4709 1215 4776 virtuts's
1278 4728 1396 4795 pro
1440 4705 1642 4773 nihilo
1670 4705 2040 4775 habenam-0
2131 4706 2329 4775 Multi
2369 4708 2536 4775 enim
2583 4714 2866 4775 veterem

195 4821 380 4888 illam
428 4816 912 4906 simplicitatem
954 4815 1026 4880 in
1068 4810 1381 4896 fraudem,
1436 4809 1830 4902 probitatem
1875 4814 1942 4880 in
1989 4814 2356 4905 nequitiam,
2419 4810 2868 4881 liberalitatem
