3525 5525
441 1336 699 1416 Pacem,
771 1335 1072 1403 Clemens
1146 1328 1439 1418 pontifex
1514 1330 1805 1409 maxime,
1891 1328 2118 1397 Carole
2198 1333 2541 1419 imperator
2622 1337 2883 1414 invicte,

209 1449 452 1527 patres
519 1443 915 1531 amplissimi,
988 1438 1312 1528 principes
1385 1435 1723 1502 fortissimi
1797 1457 1875 1503 ac
1946 1439 2436 1523 generosissimi,
2506 1441 2705 1527 legati
2768 1444 2894 1509 viri

209 1546 582 1629 lectissimi,
625 1556 958 1636 augustam
1006 1553 1073 1611 et
1102 1551 1388 1611 sanctam
1436 1563 1678 1630 pacem,
1723 1561 1760 1606 e
1798 1541 1927 1608 Dei
1971 1543 2203 1609 summi
2246 1546 2511 1613 civitate
2555 1547 2889 1635 electoque

204 1653 358 1739 ejus
431 1654 672 1742 populo
735 1673 931 1720 caeco
994 1649 1314 1737 opinionis
1379 1669 1588 1714 errore
1655 1648 1784 1734 jam
1852 1646 2097 1735 pridem
2169 1652 2436 1736 ejectam
2491 1675 2568 1719 ac
2635 1676 2751 1740 per
2795 1662 2894 1720 tot

212 1767 376 1824 ante
421 1780 628 1826 annos
672 1759 1036 1827 christianis
1083 1752 1377 1823 omnibus
1423 1761 1707 1842 optatam
1752 1775 2025 1842 semper,
2069 1756 2180 1821 vix
2225 1778 2503 1844 unquam
2549 1768 2887 1847 speratam,

209 1886 249 1929 a
297 1871 528 1930 mente
572 1866 926 1953 spirituque
972 1861 1215 1942 divine,
1260 1883 1300 1927 a
1342 1858 1528 1927 coelo
1558 1857 1867 1926 hodierno
1912 1859 2020 1925 die
2050 1859 2414 1941 demissam,
2443 1863 2892 1952 gratulabundi

208 1971 583 2057 excipimus
629 1978 696 2036 et
739 1991 1131 2037 veneramur.
1223 1966 1545 2034 Effectum
1589 1964 1847 2032 tandem
1895 1975 1995 2032 est
2061 1976 2189 2048 tua,
2243 1970 2535 2061 pontifex
2597 1974 2891 2053 maxime,

209 2077 472 2163 pietate
518 2085 585 2143 et
627 2078 964 2165 sapientia,
1009 2085 1139 2156 tua,
1195 2094 1433 2155 caesar,
1500 2073 1843 2139 clementia
1888 2080 1956 2138 et
1999 2075 2340 2160 aequitate,
2408 2078 2768 2166 principum
2813 2102 2888 2145 ae

210 2205 434 2247 rerum
483 2180 879 2271 publicarum
928 2181 1242 2249 facilitate
1300 2188 1492 2266 atque
1557 2178 1974 2259 humanitate,
2041 2189 2113 2247 ut
2174 2204 2215 2246 a
2276 2182 2568 2249 maximis
2615 2184 2888 2254 miseriis

212 2298 281 2355 et
332 2288 818 2359 calamitatibus
865 2292 1196 2357 universae
1242 2287 1620 2355 christianae
1686 2288 1782 2353 rei
1848 2285 2140 2375 publicae
2187 2288 2378 2354 liceat
2434 2290 2748 2376 respirare
2793 2311 2890 2371 ac,

208 2398 267 2461 si
315 2418 487 2484 pace
545 2397 775 2483 quovis
849 2403 1138 2484 tempore
1196 2394 1354 2460 nihil
1427 2393 1650 2459 melius
1717 2401 1831 2459 aut
1897 2392 2241 2482 optabilius
2310 2392 2626 2476 ducimus,
2700 2419 2889 2483 quam

209 2500 504 2588 jucunda
547 2510 613 2567 et
663 2501 932 2568 illustris
978 2524 1055 2569 ea
1101 2500 1286 2568 nobis
1334 2521 1461 2588 pax
1521 2520 1662 2566 esse
1709 2497 1929 2566 debet!
2020 2499 2099 2566 In
2158 2522 2284 2588 qua
2345 2500 2482 2567 sola
2546 2500 2673 2568 fuit
2739 2510 2890 2590 post

208 2605 706 2674 innumerabilia
751 2610 978 2675 aetatis
1025 2615 1281 2675 nostrae
1326 2606 1491 2672 mala
1552 2613 1747 2692 atque
1791 2607 2140 2694 ingentium
2200 2607 2508 2673 malorum
2553 2606 2881 2678 turbulen-

213 2715 507 2781 tissimas
566 2722 983 2803 tempestates
1047 2713 1270 2780 salutis
1339 2700 1418 2780 et
1465 2710 1940 2799 tranquillitatis
2005 2735 2153 2802 spes
2213 2712 2606 2803 reponenda!
2698 2714 2885 2794 Quae

209 2824 519 2908 quoniam
577 2844 704 2909 pax
751 2843 878 2888 non
924 2822 1049 2887 nisi
1105 2819 1366 2886 afflictis
1425 2840 1503 2886 ac
1548 2840 1743 2907 prope
1791 2819 2059 2907 perditis
2123 2819 2314 2887 rebus
2360 2844 2399 2887 a
2446 2821 2590 2886 Deo
2637 2822 2884 2907 optimo

212 2928 507 2993 maximo
551 2928 767 3014 potuit
807 2928 1155 3016 impetrari,
1200 2946 1271 2992 re
1316 2925 1572 3013 quidem
1619 2947 1773 2991 vera
1816 2925 2232 3012 judicandum
2277 2934 2400 3007 est,
2443 2925 2625 2992 illum
2674 2929 2885 3017 ipsum

208 3055 432 3099 rerum
495 3035 777 3100 omnium
859 3034 1150 3120 opificem
1216 3040 1283 3098 et
1347 3029 1742 3098 conditorem
1808 3032 2019 3099 Deum
2091 3033 2315 3121 populi
2385 3033 2485 3100 sui
2556 3033 2881 3102 licentiam

208 3140 618 3224 gravissimis
710 3137 1368 3206 animadversionibus
1444 3144 1737 3205 coemere
1814 3138 2114 3221 voluisse,
2204 3138 2493 3226 ejusdem
2580 3163 2734 3207 vero
2807 3143 2874 3207 in

209 3245 480 3311 minime
541 3243 804 3312 dubiam
854 3245 1195 3333 perniciem
1255 3241 1528 3311 labentis
1594 3241 2089 3310 misericorditer
2132 3243 2216 3311 ad
2261 3244 2562 3310 salutaria
2617 3245 2882 3312 consilia

211 3359 500 3416 mentem
546 3351 961 3430 convertisse,
1023 3358 1096 3415 ut
1139 3371 1306 3430 cum,
1367 3369 1530 3436 quae
1573 3348 1777 3436 ipsius
1834 3358 2007 3416 esset
2065 3351 2134 3415 in
2181 3349 2504 3437 puniendo
2550 3351 2876 3428 severitas,

209 3455 275 3520 in
321 3455 699 3523 miserando
744 3455 1046 3536 facilitas,
1103 3456 1376 3520 maxime
1422 3455 1773 3542 perspicuis
1820 3463 2189 3522 eventorum
2254 3454 2510 3521 indiciis
2556 3458 2878 3543 cognitum

208 3569 273 3626 et
319 3571 740 3650 perspectum
784 3560 1185 3640 haberemus,
1256 3583 1297 3625 a
1372 3560 1586 3647 pravis
1654 3557 2150 3648 cogitationibus
2219 3582 2318 3626 om
2329 3563 2517 3649 nique
2580 3562 2878 3629 fraudum

207 3689 445 3753 genere
515 3667 600 3735 ad
644 3676 853 3734 rectas
923 3667 1348 3752 honestasque
1412 3666 1692 3732 rationes
1759 3667 2038 3732 animum
2107 3675 2487 3734 revocantes
2556 3675 2624 3734 et
2667 3669 2876 3756 ipsum

208 3795 434 3840 verum
511 3781 703 3861 atque
777 3774 1038 3840 unicum
1111 3772 1322 3837 Deum
1397 3773 1680 3838 sanctius
1754 3780 1822 3837 et
1897 3772 2111 3860 purius
2180 3772 2533 3839 coleremus
2599 3795 2676 3840 ac
2741 3785 2877 3840 tum

208 3877 477 3946 demum
551 3881 844 3946 maximis
910 3877 1211 3965 periculis
1276 3876 1529 3945 liberati
1573 3885 1885 3966 perpetua
1957 3880 2022 3944 in
2088 3888 2416 3965 posterum
2480 3901 2638 3967 pace
2683 3888 2875 3968 atque

208 3987 340 4052 otio
386 3987 769 4053 frueremur.
859 3985 1096 4052 Merito
1151 3986 1368 4071 itaque
1413 3984 1604 4065 hunc,
1648 3992 1721 4052 tu
1766 3992 1951 4073 pater
1994 3985 2379 4066 beatissime,
2439 3984 2631 4068 diem,
2695 4009 2877 4054 sanc-

208 4091 532 4158 tissimum
579 4090 750 4158 hunc
795 4099 987 4179 atque
1032 4091 1501 4178 optatissimum
1565 4089 1759 4173 diem,
1826 4093 1935 4179 qui
1980 4100 2049 4158 et
2100 4091 2302 4158 finem
2357 4091 2767 4160 adversarum
2813 4104 2879 4161 et

215 4196 644 4265 secundarum
689 4218 898 4264 rerum
946 4194 1129 4263 nobis
1174 4196 1425 4262 initium
1480 4196 1821 4278 attulisset,
1878 4198 2367 4286 apparatissima
2411 4200 2876 4287 supplicatione

213 4298 611 4383 decoratum,
672 4324 1062 4369 summorum
1109 4300 1532 4384 sacerdotum,
1592 4304 1952 4392 principum
1997 4326 2074 4370 ac
2117 4304 2468 4392 legatorum
2516 4304 2877 4393 frequentia

213 4407 625 4488 celebratum,
693 4417 761 4474 et
803 4430 958 4476 vero
1005 4431 1132 4474 una
1174 4429 1323 4475 cum
1391 4430 1647 4476 caesare
1710 4410 1948 4477 divinis
2008 4412 2384 4477 ceremoniis
2454 4410 2876 4499 praesidente,

211 4510 486 4600 hymnis,
562 4512 878 4596 cantibus,
961 4512 1442 4601 precationibus
1528 4513 1952 4597 nobilitatum,
2039 4516 2438 4595 illustratum,
2530 4520 2874 4585 sanctitum

211 4618 475 4687 voluisti
550 4619 846 4708 idemque
931 4620 1088 4687 mihi
1157 4622 1510 4709 imperasti,
1586 4629 1675 4703 ut,
1743 4645 1871 4708 qua
1943 4622 2539 4691 accomodatissima
2613 4647 2873 4711 possem
2957 4690 2974 4711 ,

210 4727 493 4793 oratione
542 4724 922 4794 hodiernum
990 4729 1272 4818 supremi
1338 4726 1448 4796 dei
1509 4726 1886 4799 beneficium
1952 4751 2029 4798 ac
2092 4731 2424 4800 mirificam
2469 4730 2872 4800 clementiam
