3525 5525
1951 464 2035 526 22

665 650 731 714 in
778 648 997 714 luxum
1050 657 1443 730 convertere,
1504 650 1681 737 apud
1745 652 2126 739 plerosque,·
2163 674 2428 739 quorum
2475 649 2932 739 probatissimis
3007 647 3339 736 exemplis

666 755 930 820 formari
972 762 1163 841 atque
1208 756 1508 843 componi
1569 759 1768 823 ceteri
1835 756 2159 839 deberent,
2226 766 2339 825 aut
2402 758 2614 825 nullus
2673 765 2787 824 aut
2827 764 3003 823 certe
3049 756 3338 842 exiguus

667 862 796 927 Dei
840 861 1050 928 cultus
1116 869 1232 942 est,
1300 861 1474 929 nulla
1539 864 1722 944 ratio,
1786 865 2026 930 nullum
2098 863 2262 932 bene
2330 863 2592 932 vivendi
2656 864 3042 944 institutum,
3116 861 3340 927 nullus

668 968 894 1054 pudor,
938 967 1111 1034 nulla
1154 967 1486 1035 modestia.
1551 969 1596 1036 J
1598 971 1824 1037 ustitia
1853 971 1963 1037 vel
2004 973 2071 1036 in
2116 970 2333 1038 odium
2380 969 2485 1037 vel
2529 971 2596 1034 in
2642 970 2905 1058 gratiam
2952 967 3341 1036 declinavit,

676 1074 892 1141 Pietas
935 1074 1006 1141 in
1050 1083 1485 1164 contemptum
1533 1076 1638 1144 vel
1680 1078 1750 1143 in
1795 1079 2312 1166 superstitionem
2379 1099 2583 1166 paene
2628 1083 2868 1143 mutata
2936 1084 3041 1142 est
3085 1075 3344 1164 palam-

669 1203 793 1269 que
836 1179 1016 1248 hisce
1060 1178 1256 1250 rebus
1262 1180 1603 1270 xomnibus
1649 1192 1954 1271 peccatur
1996 1185 2109 1265 sic,
2183 1193 2256 1251 ut
2317 1205 2774 1272 saepenumero
2840 1184 3049 1249 virtus
3109 1180 3344 1269 probis

675 1289 833 1354 viris
909 1289 1070 1355 vitio
1151 1296 1453 1371 vertatur,
1540 1290 1700 1357 vitia
1759 1312 1913 1357 vero
1979 1289 2062 1358 ab
2127 1289 2435 1379 improbis
2516 1290 2659 1357 loco
2727 1290 3034 1357 virtutum
3106 1286 3346 1355 haberi

673 1395 921 1460 soleant
927 1418 946 1476 3
989 1393 1276 1481 quotidie
1320 1416 1473 1482 ergo
1517 1397 1585 1461 in
1630 1396 1936 1483 religione
1980 1397 2272 1462 haereses
2303 1396 2641 1485 pullulant:
2688 1397 2784 1462 sic
2829 1394 3072 1462 Christi
3121 1395 3343 1483 pietas

669 1502 989 1566 minuitur.
1080 1499 1177 1567 Hi
1221 1500 1379 1566 mihi
1423 1499 1630 1568 morbi
1673 1502 1957 1584 sanandi,
2020 1502 2180 1570 haec
2226 1503 2490 1569 vulnera
2552 1501 2834 1569 curanda
2901 1510 3065 1582 sunt,
3139 1501 3341 1566 luxus

670 1604 1089 1688 cohibendus,
1158 1606 1387 1674 modus
1455 1607 1788 1695 ponendus
1863 1607 2214 1685 ambitioni,
2277 1605 2784 1696 compescendae
2844 1606 3206 1675 indomitae
3275 1614 3346 1672 et.

674 1714 1019 1780 effrenatae
1066 1710 1387 1795 libidines,
1446 1712 1745 1781 aviditati
1790 1724 1858 1782 et
1903 1715 2250 1782 sceleratae
2295 1713 2585 1803 cupidini
2626 1715 2934 1781 terminus
2980 1715 3342 1801 praefigen-

669 1820 793 1887 dus
839 1829 958 1899 est,
1023 1819 1323 1886 haereses
1369 1819 1688 1887 tollendae
1751 1831 1819 1889 et
1881 1821 2325 1910 amputandae,
2392 1844 2472 1886 ne
2515 1820 2767 1908 longius
2813 1820 3046 1887 malum
3093 1819 3229 1886 hoc
3277 1827 3346 1884 et.

671 1928 847 1993 virus
893 1926 1490 2014 interachristianos
1536 1937 1771 2016 serpat.
1862 1928 2048 1996 Haec
2113 1935 2180 1994 et
2246 1927 2315 1996 id
2377 1950 2579 2016 genus
2644 1927 2769 1994 alia
2834 1948 2938 1993 me
3000 1923 3345 2007 inducunt,

669 2034 1006 2122 impellunt
1046 2042 1115 2100 et
1159 2042 1407 2122 urgent,
1475 2044 1548 2102 ut
1613 2036 1872 2101 omnino
1916 2036 1984 2101 in
2028 2034 2280 2112 Italiam
2329 2035 2710 2122 proficiscar,
2772 2031 2883 2100 ubi
2949 2033 3112 2100 haec
3159 2054 3344 2098 com-

669 2140 924 2208 modius
969 2141 1229 2222 auxilio,
1274 2163 1396 2229 ope
1427 2150 1493 2208 et
1522 2142 1792 2209 consilio
1829 2140 2200 2222 Clementis,
2246 2142 2562 2228 pontificis
2592 2140 2873 2221 maximi,
2917 2147 2987 2206 et
3030 2139 3342 2205 sacratis·

670 2247 976 2313 simorum
1042 2256 1296 2335 patrum
1364 2248 1598 2335 corrigi
1666 2256 1734 2314 et
1777 2247 2001 2336 :sanari
2045 2255 2363 2335 poterunt,
2431 2256 2497 2313 et
2562 2246 2934 2333 religionem
2996 2245 3212 2332 ipsam
3258 2241 3346 2309 ad

672 2375 956 2419 normam
1003 2361 1072 2419 et
1115 2355 1397 2442 regulam
1445 2355 1849 2441 antiquorum
1916 2362 2165 2442 patrum
2234 2352 2438 2440 redigi
2503 2374 2694 2442 posse
2741 2349 3012 2418 confido.
3105 2347 3344 2415 Debeo

670 2461 840 2524 enim
888 2459 1262 2546 religionem
1308 2462 1518 2547 ipsam
1565 2460 1864 2527 omnibus
1936 2462 2253 2528 anteferre
2319 2482 2584 2548 eamque
2629 2480 2665 2524 a
2713 2457 2973 2547 perfidis
3020 2466 3090 2523 et
3133 2457 3344 2523 scele-

672 2568 828 2632 ratis
878 2564 1247 2634 hominibus
1294 2574 1650 2653 protegere,
1711 2588 1859 2632 cum
1907 2589 2009 2632 me
2056 2576 2396 2654 propterea
2444 2567 2626 2632 Deus
2690 2565 2974 2652 optimus
3021 2564 3343 2628 maximus

672 2672 758 2739 ad
802 2680 1048 2739 tantum
1096 2674 1435 2760 imperium
1481 2674 1766 2738 evexerit
1832 2695 1910 2739 ac
1977 2681 2185 2740 tantas
2233 2673 2537 2739 victorias
2602 2671 3007 2759 praestiterit,
3078 2677 3153 2736 ut
3199 2689 3343 2733 eam

686 2788 867 2845 tuear
912 2787 1102 2865 atque
1147 2777 1492 2845 defendam
1562 2788 1628 2845 et
1672 2782 1810 2866 ejus
1873 2781 1938 2844 in
2009 2781 2189 2845 terris
2237 2781 2545 2845 vicarium
2618 2799 2747 2844 nou
2793 2778 3000 2843 solum
3045 2777 3116 2841 in
3157 2774 3346 2840 ‘Petri

679 2887 841 2953 solio
910 2896 977 2953 et
1049 2886 1186 2971 ejus
1255 2885 1637 2972 patrimonio
1709 2906 2100 2967 conservem,
2173 2885 2291 2952 sed
2358 2886 2731 2972 ampliorem
2793 2893 2863 2949 et
2923 2881 3346 2948 illustriorem

674 2993 960 3061 reddam.

903 3098 1102 3180 Quod
1147 3107 1362 3166 autem
1408 3097 1567 3164 mihi
1611 3098 1895 3165 secundo
1940 3098 2082 3166 loco
2127 3120 2601 3187 proposueram,
2645 3099 2915 3164 miserae
2947 3102 3015 3161 et
3061 3093 3348 3159 afflictae

681 3228 800 3297 per
864 3214 966 3274 tot
1027 3228 1231 3272 annos
1277 3204 1506 3271 Italiae
1550 3202 2047 3270 succurrendum
2115 3212 2244 3285 est3
2307 3204 2569 3270 miseret
2635 3204 2802 3269 enim
2868 3223 2974 3266 me
3042 3199 3350 3285 illiusque

685 3315 897 3380 vicem
941 3311 1134 3380 doleo
1179 3334 1255 3378 ac
1300 3332 1532 3396 queror
1572 3317 1673 3376 tot
1716 3330 2046 3377 caesorum
2092 3310 2415 3375 hominum
2460 3310 2653 3391 milia,
2697 3330 2966 3395 quorum
3015 3304 3350 3372 cadaveri-

677 3419 802 3488 bus
849 3427 916 3487 et
960 3418 1240 3485 contecti
1306 3423 1462 3491 sunt
1515 3417 1726 3503 campi
1790 3423 1857 3480 et
1927 3415 2232 3482 retardati
2298 3415 2635 3482 fluviorum
2702 3436 2930 3481 cursus
2997 3429 3351 3496 eorumque

682 3547 907 3593 cruore
963 3546 1264 3610 superum
1324 3544 1499 3587 mare
1564 3529 1633 3588 et
1674 3521 1947 3589 inferum
1993 3523 2173 3608 quasi
2218 3520 2493 3608 quadam
2541 3543 2819 3608 purpura
2861 3518 3200 3585 infectum·
3236 3522 3354 3580 est.

684 3631 898 3701 Urbes
983 3629 1298 3716 direptae,
1378 3627 1618 3715 oppida
1690 3627 1972 3707 incensa,
2044 3629 2257 3692 omnia
2318 3626 2531 3694 deleta
2604 3635 2673 3692 et
2734 3631 3063 3713 prostrata
3114 3624 3353 3711 jacent.

678 3737 918 3807 Danda
973 3744 1076 3800 est
1147 3735 1344 3820 igitur
1416 3732 1575 3797 mihi
1619 3752 1833 3818 opera,
1908 3738 1981 3795 ut
2045 3730 2235 3798 urbes
2297 3731 2523 3797 Italiae
2581 3738 3035 3806 restaurentur,
3110 3727 3355 3794 bellum

682 3850 1077 3917 amoveatur,
1144 3839 1582 3925 possessiones
1646 3844 1715 3901 et
1760 3835 2039 3921 praedia,
2103 3858 2266 3923 quae
2311 3859 2350 3902 a
2395 3835 2702 3903 militibus
2763 3837 3007 3921 injuste
3055 3853 3356 3922 possessa

681 3957 854 4029 sunt,
920 3947 1049 4011 illis
1096 3941 1463 4021 reddantur,
1525 3938 1757 4027 quibus
1824 3939 2143 4009 abstracta
2206 3941 2482 4022 fuerunt,
2571 3941 2821 4021 damna,
2888 3963 3060 4027 quae
3129 3939 3358 4027 populi

680 4054 859 4145 passi
878 4058 1048 4130 sunt,
1094 4049 1537 4127 resarciantur,
1582 4046 1797 4111 omnia
1839 4045 1924 4112 ad
1970 4049 2309 4133 pristinum
2355 4047 2642 4133 vigorem
2688 4056 2755 4112 et
2798 4047 3049 4112 cult-um
3095 4048 3357 4112 restitu-

679 4168 891 4229 antur.
981 4156 1171 4234 Quae
1216 4156 1428 4220 omnia
1459 4153 1713 4219 faciam.
1804 4151 1908 4218 Ita
1952 4152 2129 4219 Deus
2175 4152 2332 4219 mihi
2376 4153 2660 4220 secundo
2703 4153 2934 4219 foveat.
2982 4154 3252 4221 numine
3301 4157 3363 4218 et

680 4289 785 4334 me
863 4262 1244 4328 incolumem
1288 4260 1375 4349 {in
1444 4258 1743 4339 Italiam}
1765 4259 2097 4343 pervenire
2166 4258 2494 4325 concedat.
2588 4257 2754 4326 Urbi
2826 4281 3045 4346 quoqe
3116 4259 3363 4324 Romae

681 4366 1187 4439 succurrendum
1235 4367 1563 4453 esafquae
1608 4384 1648 4426 a
1693 4363 1928 4427 nostris
1974 4363 2282 4430 militibus
2329 4385 2431 4429 me
2467 4366 2674 4430 inscio
2705 4373 2774 4430 et
2799 4363 3076 4430 absente
3103 4364 3363 4451 direpta

678 4487 752 4547 et
824 4470 1120 4539 omnibus
1197 4469 1428 4557 opibus
1507 4490 1584 4534 ac
1672 4466 1942 4532 fortunis
2011 4469 2282 4556 spoliata
2365 4468 2509 4548 fuit,
2604 4492 2730 4556 quo
2794 4470 3094 4536 facinore
3162 4478 3367 4536 testor

678 4586 902 4652 Deum
949 4577 1262 4665 optimum
1315 4575 1665 4640 maximum
1732 4570 1827 4634 nil
1893 4572 2048 4637 mihi
2115 4573 2444 4638 molestius
2514 4583 2626 4640 aut
2694 4573 2994 4641 acerbius
3067 4575 3366 4643 accidere

678 4687 920 4778 potuit.
1009 4681 1145 4759 Qui
1189 4682 1246 4745 si
1289 4679 1376 4746 ad
1421 4701 1563 4744 eam
1608 4676 1992 4742 incolumem
2038 4698 2401 4764 pervenere,
2444 4679 2616 4746 dabo
2646 4703 2932 4772 operam,
2981 4691 3059 4749 ut
3090 4683 3367 4751 amissae

681 4814 867 4884 opes,
911 4809 1104 4877 quam
1149 4786 1426 4854 maxime
1470 4782 1611 4849 fieri
1656 4781 1911 4866 poterit,
1956 4790 2339 4877 reparentur.
